2666 3518
1323 193 1350 234 4

360 320 450 368 Sic,
495 318 731 371 imperfecta
766 317 947 356 oratione
988 321 1025 355 et
1064 331 1252 365 numero,
1296 317 1374 355 hoc
1419 317 1589 356 alterum
1635 317 1903 369 epigramma,
1947 318 1996 357 de
2035 333 2114 369 quo
2153 318 2325 370 agimus,

361 391 558 442 seriptum
596 394 658 428 est
694 389 735 428 in
772 389 903 438 libris,
940 389 988 427 iis
1020 388 1182 440 quidem
1213 403 1383 440 quorum
1422 394 1483 428 est
1513 388 1647 439 aliqua
1677 389 1919 437 auctoritas3
1957 390 2028 430 sed
2065 390 2206 429 codem
2242 389 2327 441 epi-

361 465 584 515 grammate
617 459 764 499 Cieero
793 459 856 499 bis
887 463 1099 512 praeterea
1128 472 1226 499 usus
1257 465 1331 509 est,
1361 450 1507 498 iterum
1538 459 1579 497 in
1610 457 1712 512 disp.
1733 459 1856 498 Tusc.
1884 461 1919 510 1,
1943 461 2009 511 49,
2038 461 2114 499 117
2151 458 2264 509 Quod
2292 460 2328 499 εἰ

351 533 443 583 fiat,
474 533 611 571 melior
638 531 768 570 Ennii
794 544 916 584 quam
945 530 1101 570 Solonis
1131 532 1268 569 oratio.
1325 531 1386 569 lcic
1415 531 1517 569 enim
1546 536 1675 568 noster
1704 528 1844 569 ‘Nemo
1876 545 1934 570 me
1964 532 2137 571 lacrimis
2167 529 2331 570 decorct'

361 607 495 658 inquit
521 603 607 643 ‘nec
630 603 788 654 funera
819 604 919 654 fletu
948 601 1100 641 Fama)
1147 610 1192 642 at
1218 616 1303 642 cero
1332 604 1399 641 ille
1428 603 1583 654 sapiens
1611 599 1731 641 ‘Mors
1770 616 1855 642 mea
1896 618 1943 642 ne
1971 611 2106 643 careat
2135 605 2329 643 lacrimis:

364 678 592 730 linquamus
621 676 759 715 amicis
789 675 1007 715 Mam-orem
1037 682 1082 714 ut
1112 674 1301 714 celebrent
1318 673 1467 725 ficuera
1498 689 1586 713 cum
1611 673 1789 727 yemituss·
1819 680 1858 714 et
1887 675 1928 714 in
1961 675 2050 715 Cat.
2075 675 2166 715 mai.
2189 677 2254 724 ⁶20,
2279 676 2329 714 74

366 748 521 788 Solonis
550 748 707 802 quidem
735 748 925 800 sapientis
956 747 1121 800 cloqium
1150 754 1205 786 est
1233 760 1308 800 quo
1339 760 1377 785 se
1408 753 1525 799 neyat
1546 746 1635 786 celle
1655 761 1767 785 suam
1791 754 1946 787 mortem
1968 748 2098 787 dolore
2117 749 2332 787 amicorum

364 827 398 858 ct
430 821 609 858 lamentis
642 832 797 858 cacare:
831 819 913 857 cult
941 819 1053 857 credo
1084 832 1120 857 se
1148 832 1224 857 ease
1253 832 1392 857 carum
1421 819 1513 867 stc-is,
1545 818 1611 856 sed
1639 818 1750 856 haud
1778 820 1853 857 ecio
1884 834 1938 857 au
1968 820 2105 858 melius
2126 819 2295 868 Ennius,

873 890 996 929 Nemo
1025 904 1084 929 me
1116 891 1289 929 lacrimis
1319 891 1468 929 decoret
1497 904 1564 929 nec
1592 889 1743 940 funera
1764 891 1865 942 fletu

928 961 1061 1010 Facit,

370 1050 445 1073 non
476 1041 600 1073 censet
630 1034 841 1086 luyeudam
872 1047 948 1070 esse
978 1039 1137 1071 mortem
1166 1047 1286 1085 quam
1314 1034 1592 1072 ‘immortalitas
1622 1040 1891 1086 consequatur.
1937 1034 2045 1073 Hinc
2077 1035 2202 1087 igitur
2226 1035 2336 1086 quis-

366 1108 456 1158 quis
494 1106 647 1158 primus
685 1104 761 1142 suit
800 1104 867 1142 illo
906 1104 997 1142 loco
1030 1103 1219 1142 Ciceroni
1250 1104 1452 1156 integrum
1483 1104 1605 1143 Ennii
1636 1104 1838 1143 distichon
1873 1105 2072 1154 reddidit3
2111 1121 2236 1157 eaque
2268 1105 2338 1145 ad-

368 1178 588 1217 ditamenta
619 1177 696 1216 iam
728 1175 822 1215 olim
845 1181 1027 1214 vetustas
1058 1174 1257 1214 editiones
1279 1182 1550 1228 occuparant3
1580 1181 1723 1228 postea
1745 1190 1850 1216 unus
1870 1176 2105 1230 Tregder-us
2131 1177 2340 1217 codicibus

368 1250 654 1301 obtemperans
694 1247 927 1287 dimidiatos
965 1261 1107 1287 versus
1146 1246 1329 1299 reliquit3
1376 1253 1520 1286 contra
1556 1262 1675 1300 quem
1719 1253 1989 1301 posteaquam
2018 1249 2340 1302 NVesenbergius

368 1321 554 1373 quamvis
584 1335 728 1374 parum
757 1319 980 1373 prudenter
1009 1318 1247 1371 disputavit,
1278 1318 1356 1358 iam
1378 1319 1526 1359 multos
1549 1334 1677 1359 annos
1699 1320 1834 1360 nullus
1856 1321 2179 1361 Tusculanarum
2202 1321 2340 1373 dispu-

367 1394 568 1434 tationum
600 1392 701 1432 liber
722 1392 805 1431 exit
836 1393 896 1444 (et
926 1391 1033 1430 exire
1064 1390 1180 1430 multi
1209 1405 1337 1444 paene
1369 1392 1587 1443 quotannis
1618 1392 1785 1445 solent),
1816 1393 1913 1444 quin
1930 1392 2060 1445 'plene
2091 1393 2340 1445 perscriptos

368 1480 509 1505 versus
546 1464 758 1503 Ennianos
796 1463 955 1502 habeat.
1018 1462 1128 1512 Quin
1165 1462 1455 1502 Fleckeisenus
1499 1465 1615 1515 (ann.
1648 1478 1682 1502 a.
1710 1465 1817 1502 1863
1848 1478 1886 1516 p.
1916 1466 2017 1516 192)
2057 1470 2261 1516 tamquam
2300 1479 2341 1503 re

370 1543 481 1576 certa
520 1536 599 1575 hoc,
638 1535 823 1586 exemplo
862 1534 976 1573 nisus
1016 1539 1097 1582 est,
1142 1548 1233 1572 cum
1274 1535 1393 1573 etiam
1429 1536 1470 1573 in
1509 1536 1678 1575 Catonis
1716 1535 1806 1574 loco
1848 1549 1973 1586 supra
2011 1536 2162 1587 scripto
2202 1541 2341 1587 penta-

371 1609 487 1649 metri
518 1613 675 1660 partem
705 1622 787 1646 non
819 1621 842 1645 a
872 1604 1072 1646 Cicerone
1104 1619 1185 1645 non
1217 1605 1410 1658 scriptam
1441 1606 1513 1646 sed
1543 1607 1799 1646 librariorum
1836 1606 1992 1646 incuria
2027 1607 2224 1647 abiectam
2255 1623 2343 1647 esse

371 1684 560 1734 argueret
597 1678 765 1731 primus.
824 1676 881 1716 Et
917 1681 1051 1716 tamen
1090 1676 1159 1727 qui
1198 1675 1371 1729 simplici
1410 1676 1561 1716 iudicio
1603 1677 1661 1716 uti
1699 1692 1772 1717 nec
1810 1677 2036 1717 inveterato
2077 1692 2211 1717 errore
2251 1676 2344 1717 duci

372 1752 484 1802 velit,
516 1750 716 1791 concedat
748 1754 910 1804 oportet
941 1747 1195 1798 Ciceronem,
1227 1763 1319 1788 cum
1350 1748 1449 1788 haec
1482 1749 1675 1789 scriberet

881 1820 1004 1860 Nemo
1034 1834 1093 1860 me
1123 1821 1297 1860 lacrimis

1075 1890 1185 1931 Cur?
1220 1892 1335 1932 volito
1364 1890 1472 1931 vivu’
1495 1906 1570 1946 per
1598 1906 1668 1932 ora
1700 1894 1840 1943 virum,

373 1966 677 2020 epigrammatis
706 1964 942 2017 aequalibus
974 1964 1057 2002 suis
1089 1964 1292 2003 notissimi
1328 1969 1484 2003 tantum
1520 1965 1706 2016 posuisse
1738 1966 1849 2017 quod
1880 1966 1943 2004 vel
1974 1965 2169 2004 nescienti
2212 1966 2262 2004 ad
2292 1968 2350 2005 fa-

374 2038 559 2078 ciendam
589 2036 900 2091 intelligentiam
933 2035 1032 2075 satis
1063 2039 1182 2075 esset.
1243 2034 1389 2086 Neque
1426 2034 1505 2074 hoo
1534 2050 1615 2075 non
1649 2035 1697 2075 de
1729 2051 1852 2076 more.
1911 2036 2139 2077 Eunuchus
2173 2037 2350 2076 Terentii

376 2111 426 2149 ab
457 2109 520 2149 his
552 2109 736 2148 versibus
767 2107 926 2147 orditur

825 2178 932 2228 Quid
961 2179 1085 2231 ἐρίων
1101 2177 1293 2228 faciam?
1322 2192 1398 2217 uon
1428 2193 1513 2218 eam
1544 2193 1590 2218 ne
1618 2194 1725 2219 nunc
1754 2180 1914 2232 quidem

824 2251 923 2290 Cum
954 2263 1129 2289 accersor
1159 2249 1292 2289 ultro?
1324 2264 1379 2288 an
1402 2251 1538 2302 potius
1565 2252 1622 2289 ita
1652 2265 1710 2290 me
1737 2265 1967 2304 comparem,

820 2322 913 2362 Non
938 2322 1095 2376 perpeti
1121 2322 1366 2361 meretricum
1397 2323 1680 2361 contumelias?

820 2394 1021 2433 Exclusit:
1051 2400 1223 2433 revocat:
1254 2393 1438 2433 redeam?
1467 2407 1557 2443 non,
1588 2396 1624 2433 si
1650 2408 1706 2434 me
1735 2395 1909 2435 obsecret.

377 2469 469 2507 Hoc
502 2468 658 2506 initium
687 2467 846 2506 fabulae
878 2466 1023 2505 aseivit
1054 2465 1200 2504 Cicero
1233 2466 1282 2504 de
1313 2471 1395 2504 nat.
1420 2465 1530 2504 deor.
1555 2467 1592 2515 3,
1612 2467 1677 2515 29,
1701 2468 1763 2505 72.
1821 2466 1927 2515 Quid
1957 2469 2127 2506 levitates
2158 2468 2349 2506 comicae?

373 2553 574 2592 parumne
602 2552 716 2591 saepe
743 2540 787 2577 in
816 2539 968 2577 ratione
997 2537 1233 2577 versantur?
1262 2551 1462 2589 parumne
1491 2538 1685 2577 subtiliter
1712 2539 1892 2591 disputat
1919 2539 1985 2578 ille
2013 2539 2057 2577 in
2086 2538 2277 2577 Eunucho

829 2607 936 2658 Quid
962 2610 1087 2663 igsitur
1105 2608 1290 2661 fac-iam?

823 2680 1008 2720 Eme-lusit
1035 2689 1208 2721 revocat.-
1237 2681 1423 2721 redeam?
1452 2695 1540 2731 uon,
1571 2682 1605 2720 si
1635 2696 1691 2720 me
1720 2682 1892 2722 obsecret.

380 2753 674 2794 Desideramus
710 2752 857 2792 bonam
895 2758 1051 2805 partem
1088 2753 1208 2793 huius
1246 2753 1568 2793 ratiocinationis
1606 2754 1804 2803 comicae,
1842 2754 1914 2794 sed
1945 2753 2222 2794 desideramus
2261 2754 2345 2794 sine

381 2826 625 2867 detrimento
657 2824 878 2865 sententiae
899 2824 1124 2875 Tullianae,
1154 2840 1228 2865 nec
1259 2826 1449 2877 cuiquam
1479 2825 1518 2863 in
1549 2829 1721 2865 mentem
1752 2826 1874 2876 venit,
1905 2830 2109 2865 curtatum
2136 2825 2346 2866 Ciceronis

379 2897 658 2938 testimonium
688 2896 888 2950 integrare
919 2911 968 2936 ex
997 2897 1200 2937 Terentio.
1261 2898 1322 2937 Ac
1353 2911 1401 2936 ne
1433 2897 1524 2950 quis
1555 2896 1718 2937 obiiciat
1756 2897 1867 2937 illum
1899 2896 2151 2938 dimidiatum
2182 2896 2344 2950 quidem
