2666 3518
1304 185 1329 224 5

338 324 498 349 versum
529 309 600 350 sed
630 309 790 361 plenam
821 323 908 348 esse
941 309 1194 359 sententiam,
1225 323 1306 348 non
1337 314 1381 349 ut
1400 309 1523 348 Nemo
1545 323 1602 347 me
1627 310 1799 348 lacrimis
1829 309 2117 360 imperfectam,
2147 323 2197 348 en
2227 308 2298 348 ha-

337 381 428 420 bete
458 381 668 432 utriusque
697 380 755 419 rei
785 374 1031 433 exemplum,
1071 379 1119 419 de
1150 380 1217 419 fin.
1241 381 1279 430 2,
1302 382 1367 431 32,
1391 382 1490 429 106,
1520 380 1660 433 Itaque
1689 380 1834 420 beatior
1863 378 2082 430 Ajiicanus
2110 395 2199 420 cum
2221 395 2299 434 pa-

341 453 415 491 tria
445 453 514 491 illo
543 452 654 491 modo
684 453 843 505 loquene

718 523 860 563 Desine
889 523 1013 561 Roma
1046 529 1128 561 tuoe·
1158 524 1277 561 hostes

339 598 566 649 reliquaque
588 597 813 648 praeclare,·

716 668 825 707 Nam
857 668 925 707 tibi
952 669 1193 707 niunimenta
1224 669 1301 707 ‘mei
1321 681 1503 721 peperere
1533 668 1700 715 labores,-

340 739 600 792 similiterque
632 739 681 779 de
702 744 861 779 oratore
893 739 931 789 3,
952 741 1019 790 42,
1042 741 1132 779 167.
1182 739 1454 793 Intelligimus
1482 740 1733 790 sententiam,
1764 755 1925 780 versum
1948 739 2109 793 explere
2138 739 2300 779 aliunde

340 826 422 850 non
460 825 689 864 possumus.
747 811 942 862 Idemque
974 826 1064 850 eum
1094 812 1151 849 ita
1180 812 1330 850 scribat
1359 811 1407 849 de
1437 812 1505 849 fin.
1530 814 1568 861 2,
1592 813 1658 860 22,
1683 814 1732 849 71
1765 826 1832 850 nec
1861 814 1921 850 vir
1949 813 2070 850 bonus
2098 826 2147 850 ac
2174 813 2300 851 iustus

342 883 474 922 haberi
502 884 618 933 debet,
649 884 721 936 qui
748 898 795 922 ne
824 884 973 923 malum
1003 884 1141 923 habeat
1169 883 1334 922 abstinet
1363 898 1400 922 se
1429 884 1478 922 ab
1506 885 1682 931 inz’uria5
1712 885 1815 923 nosti
1840 884 1952 923 credo
1982 884 2086 923 illud

953 955 1075 995 Nemo
1099 956 1195 1008 pius
1225 962 1279 994 est
1307 956 1379 1008 qui
1398 956 1586 1008 pietatem

339 1041 431 1065 cave
453 1034 569 1079 putea
598 1028 809 1079 quiequam
839 1040 915 1065 esse
943 1028 1082 1065 verius.
1139 1040 1206 1065 nee
1234 1028 1337 1065 enim
1367 1028 1461 1065 dum
1490 1029 1626 1065 metuit
1652 1029 1778 1065 iustus
1807 1034 1863 1065 est
1890 1034 1926 1065 et
1952 1034 2050 1066 certe
2079 1027 2113 1065 si
2140 1032 2303 1065 metuere

339 1099 543 1147 destiterit,
583 1112 659 1137 non
695 1100 788 1147 erit,
827 1112 908 1137 non
945 1098 1142 1137 obscurus
1180 1112 1322 1137 sensus
1359 1103 1421 1138 est
1449 1113 1590 1138 versus
1628 1098 1818 1138 tralaticii
1847 1113 1871 1137 a
1900 1098 2057 1137 nemine
2095 1102 2304 1150 praeterea

339 1170 563 1219 memorati,
601 1184 719 1221 quem
751 1169 855 1208 inter
885 1169 1063 1222 tragicos
1093 1169 1248 1208 rettulit
1277 1168 1526 1209 Ribbeekius
1555 1184 1595 1222 p.
1619 1170 1713 1220 257,
1743 1169 1816 1209 sed
1846 1169 1964 1209 simul
1995 1173 2163 1222 apparet
2187 1167 2304 1208 Cice-

341 1256 480 1281 ronem
509 1241 551 1281 id
572 1241 683 1294 quod
713 1255 911 1281 summum
943 1246 1030 1280 erat
1059 1241 1145 1281 eius
1176 1241 1399 1281 sententiae
1429 1242 1655 1292 reticuisse,
1685 1247 1730 1280 ut
1759 1242 1837 1281 iam
1867 1241 1946 1281 hoc
1969 1241 2153 1294 exemplo
2185 1240 2305 1281 aesti-

341 1314 441 1354 mari
470 1314 615 1367 possit,
645 1328 765 1366 quam
797 1329 888 1353 vere
920 1313 1223 1363 Fleckeisenus,
1260 1328 1351 1352 eum
1382 1313 1630 1366 epigramma
1660 1313 1760 1353 illud
1789 1313 1830 1353 in
1861 1312 2018 1353 Catone
2049 1313 2141 1353 mai.
2172 1318 2303 1352 totum

344 1386 429 1425 dari
459 1386 627 1436 iuberet,
665 1386 876 1439 negaverit
906 1401 929 1425 a
959 1385 1156 1425 Cicerone
1193 1386 1374 1438 potuisse
1405 1400 1492 1425 eam
1522 1390 1678 1438 partem
1709 1401 1850 1426 versus
1881 1386 2026 1437 omitti,
2065 1400 2186 1438 quam
2215 1385 2303 1438 ipse

342 1459 382 1496 in
413 1472 487 1498 sua
517 1458 698 1497 oratione
730 1473 820 1496 cum
850 1458 1021 1496 maxime
1052 1458 1252 1510 respiciat.

534 1530 617 1570 Sed
646 1531 688 1568 in
718 1530 780 1569 his
812 1529 973 1581 quidem
996 1544 1099 1580 quae
1123 1529 1256 1568 adhuc
1285 1530 1492 1582 tetigimus
1524 1531 1621 1570 nihil
1653 1531 1792 1570 nocuit
1822 1529 2002 1569 studium
2032 1528 2132 1568 illud
2161 1543 2305 1569 manca

346 1601 561 1655 supplendi
593 1603 704 1653 (nam
734 1601 915 1654 potuisse
948 1601 1016 1640 illa
1044 1601 1202 1654 integra
1231 1601 1327 1653 poni
1358 1602 1448 1653 quis
1478 1600 1700 1654 dubitatP),
1730 1601 1808 1642 nisi
1838 1600 1949 1654 quod
1979 1599 2211 1653 interpretis
2242 1605 2306 1641 est

345 1687 498 1712 morem
529 1672 736 1725 scriptoris
768 1672 830 1711 sui
861 1686 982 1711 nosse
1013 1686 1144 1724 neque
1175 1677 1325 1711 temere
1355 1671 1439 1711 ulla
1467 1672 1662 1712 memoria
1691 1671 1970 1725 attemptanda
2000 1676 2083 1719 est3
2124 1675 2165 1711 et
2194 1669 2306 1710 vide-

344 1760 434 1785 mus
465 1744 585 1784 etiam
623 1744 664 1784 in
702 1744 764 1784 his
802 1743 1021 1784 levioribus
1060 1757 1237 1783 errorem
1275 1759 1325 1783 ex
1355 1758 1489 1783 errore
1519 1744 1644 1785 nasci.
1704 1744 1859 1785 Verum
1889 1744 1986 1784 alibi
2015 1741 2156 1783 eadem
2187 1741 2308 1783 sedu-

345 1817 439 1857 litas
469 1817 612 1868 plenos
641 1831 715 1868 pro
747 1815 966 1856 dimidiatis
997 1829 1140 1855 versus
1172 1815 1390 1855 exhibendi
1420 1830 1502 1855 non
1531 1816 1611 1856 levi
1642 1816 1884 1856 detrimento
1913 1816 1991 1856 fuit
2018 1815 2209 1855 Ciceroni
2241 1820 2310 1855 aut

348 1888 406 1929 eis
437 1901 540 1940 quae
571 1887 707 1926 attulit
737 1887 994 1927 carminibus.
1044 1886 1094 1925 In
1115 1886 1244 1925 Bruto
1271 1888 1333 1937 15,
1357 1888 1407 1926 57
1429 1887 1530 1927 haec
1551 1887 1761 1941 leguntur:
1794 1894 1857 1927 est
1885 1887 1990 1927 enim
2019 1885 2312 1940 perscribenda

347 1960 531 2011 quamvis
560 1959 719 2011 prolixa
748 1959 891 1997 oratio.
957 1958 1075 2007 Quem
1104 1972 1190 1997 vero
1218 1965 1316 1997 eaetet
1342 1966 1379 1997 et
1407 1960 1452 1997 cle
1480 1973 1556 2012 quo
1586 1961 1636 1997 sit
1663 1961 1868 1998 memoriae
1893 1960 2102 2013 proditum
2130 1960 2310 2012 eloquen-

348 2039 420 2070 tem
449 2030 576 2081 fuiase
605 2038 641 2070 et
673 2032 730 2070 ita
760 2044 836 2070 esse
866 2030 1061 2079 habitum,
1094 2031 1252 2083 primm
1281 2037 1335 2069 est
1363 2031 1421 2070 M.
1451 2030 1653 2071 Cornelius
1686 2031 1889 2084 Cetlceque,
1930 2032 2043 2071 euius
2070 2031 2309 2082 eloquentiae

347 2110 402 2141 est
429 2110 567 2141 auctor
596 2110 632 2141 et
658 2104 821 2141 idoneua
849 2103 1006 2155 quidem
1036 2115 1119 2140 ‘mea
1150 2104 1336 2140 &ententia
1365 2101 1409 2150 Q.
1432 2102 1612 2149 Enniu83
1643 2132 1652 2141 .
1672 2133 1680 2141 .
1700 2134 1707 2141 .
1739 2110 1795 2142 est
1820 2105 1944 2156 iqitur
1971 2104 2024 2141 sic
2053 2103 2166 2154 apud
2193 2102 2308 2140 illum

348 2176 391 2213 in
423 2188 521 2214 nono
553 2181 596 2213 ut
625 2175 764 2227 opinor
791 2174 937 2213 annali

855 2245 1035 2284 Additur
1062 2252 1195 2284 orator
1228 2243 1428 2284 Corneliu'
1456 2246 1743 2298 suaviloquenti

860 2317 933 2355 Ore
966 2316 1150 2369 Cetlzequs
1180 2315 1342 2355 Illarcu’
1378 2316 1576 2356 Tuditano
1606 2319 1750 2370 colleya

856 2388 990 2427 Marci
1006 2388 1134 2438 filius.

351 2468 386 2500 et
414 2469 603 2500 oratorem
634 2462 809 2513 appellat
838 2469 873 2499 et
901 2462 1251 2513 suaviloquentiam
1284 2462 1420 2499 tribuit
1449 2491 1457 2499 .
1476 2490 1484 2498 .
1503 2490 1511 2498 .
1544 2462 1609 2499 secl
1632 2468 1686 2498 est
1703 2475 1747 2499 ea
1771 2462 1858 2499 laus
1878 2462 2118 2513 eloquentiae
2139 2461 2313 2499 maxima

1110 2533 1144 2570 is
1174 2532 1300 2571 (lictus
1322 2532 1585 2585 popularibus
1613 2532 1706 2570 olim

863 2603 942 2653 Qui
971 2610 1050 2642 tum
1080 2603 1258 2642 vii-ebant
1284 2602 1451 2642 homines
1478 2610 1594 2657 atque
1622 2617 1759 2642 aevum
1787 2603 1956 2657 aqehant

858 2676 951 2714 Flos
981 2675 1169 2714 delibatus
1193 2675 1335 2727 populi

348 2748 468 2801 probe
497 2761 603 2787 vero:
639 2755 685 2787 ut
711 2749 813 2787 enim
843 2748 1005 2787 hominis
1034 2748 1148 2786 decus
1176 2748 1388 2798 inqenium,
1425 2747 1479 2784 sie
1507 2748 1659 2799 inqenii
1684 2749 1808 2800 ipsius
1839 2749 1969 2787 lumen
1999 2755 2054 2787 est
2082 2748 2316 2801 eloquentia,

357 2834 437 2873 qua
466 2820 592 2860 virum
622 2821 861 2860 excellentem
884 2820 1089 2873 praeclare
1120 2825 1200 2858 tum
1230 2819 1292 2857 illi
1319 2818 1489 2857 homines
1505 2819 1644 2871 florem
1669 2821 1813 2873 populi
1839 2834 1914 2860 essse
1943 2821 2130 2859 diaeemnt

1366 2890 1589 2944 suadaeque
1618 2892 1805 2931 medulla.
