2666 3518
1296 211 1346 254 11

347 338 628 378 devicesimae.
687 337 803 375 Nihil
832 337 926 374 mz'lzi
954 350 1057 375 nunc
1086 337 1179 375 scito
1209 344 1289 375 tam
1318 337 1441 375 deesse
1468 351 1588 389 quam
1617 337 1806 375 hominem
1835 351 1934 385 eum,
1973 351 2137 389 quocum
2166 339 2295 375 omnia

346 425 446 464 quae
474 425 532 450 me
560 425 656 450 cura
687 410 823 462 aliqua
852 407 1037 459 afficiunt
1063 424 1145 447 una
1176 410 1469 458 communicem,
1508 409 1579 462 qui
1606 423 1665 448 me
1693 412 1820 458 amet,
1854 409 1927 462 ‹Jui
1953 409 2100 462 sapiat,
2140 410 2297 462 quicum

345 498 410 537 eqo
430 484 546 524 etiam
567 483 718 535 loquar,
749 458 849 520 niitil
865 480 1034 534 finqam,
1064 481 1165 521 nihil
1185 481 1436 531 dissimulem,
1468 481 1568 521 nihil
1588 480 1779 535 obteyam:
1808 480 1915 521 abest
1932 482 2032 521 enim
2051 481 2190 533 frater
2210 480 2296 531 ἄφε-

345 554 515 603 λέπατος
549 561 584 594 et
619 552 913 593 amantissimus
949 553 1123 593 metellus
1159 566 1238 593 non
1271 553 1379 593 homo
1417 553 1485 593 sed
1521 554 1614 602 litus
1652 560 1767 607 atque
1801 567 1871 592 aer
1905 560 1942 592 et
1979 554 2142 592 solitudo
2177 567 2293 592 mera.

346 634 387 665 tu
423 632 554 666 autem
589 626 661 679 qui
697 625 914 677 saepissime
949 638 1085 664 curam
1128 633 1165 664 et
1199 639 1382 678 anqorem
1418 627 1546 664 animi
1582 627 1658 664 mei
1691 640 1859 664 sermone
1893 633 1930 664 et
1964 627 2122 664 consilio
2163 627 2299 664 let-asu·

346 706 427 748 tuo,
464 699 536 751 qui
569 698 667 736 milti
704 704 741 735 et
773 698 817 735 in
849 697 1008 749 publica
1044 712 1085 736 re
1122 699 1246 736 socius
1281 705 1317 736 et
1351 699 1394 735 in
1429 699 1595 750 privatis
1630 698 1806 736 omnibus
1842 699 2015 737 conscius
2054 706 2090 736 et
2124 700 2296 737 omnium

342 784 513 810 meorum
542 781 761 809 sermonum
789 775 826 808 et
852 769 1100 809 consiliorum
1121 770 1320 823 particeps
1347 783 1424 809 esse
1443 770 1548 819 soles,
1580 769 1740 808 ubinam
1769 769 1836 809 es?
1864 771 1919 808 ita
1941 784 2027 808 sum
2047 769 2098 808 ab
2119 769 2295 809 omnibus·

343 843 558 891 destitutus,
589 848 634 880 ut
653 847 806 879 tantum
834 843 1014 893 requietis
1033 841 1191 881 habeam
1210 849 1405 895 quantum
1423 856 1512 881 cum
1531 855 1647 880 uxore
1676 849 1712 880 et
1730 841 1860 891 filiola
1890 850 1927 881 et
1951 843 2094 881 mellito
2117 842 2295 881 Cicerone

341 915 593 954 consumitur.
652 911 718 951 Ita
745 912 846 952 haec
875 918 1038 951 exarata
1067 920 1161 953 sunt
1188 914 1229 952 in
1260 912 1400 952 codice
1429 913 1632 963 Medieeo,
1663 914 1740 952 nisi
1771 912 1882 964 quod
1912 913 2065 952 leviora
2096 913 2292 964 quaedam

343 1000 446 1038 quae
482 986 588 1024 inter
625 983 882 1024 scribendum
921 990 1110 1037 peccarat
1147 985 1335 1026 librarius
1373 986 1461 1038 ipse
1500 985 1694 1033 correxit3
1733 999 1806 1037 pro
1837 986 1951 1023 etiam
1991 990 2146 1033 autem,
2184 985 2292 1037 quod

340 1058 437 1098 ferri
473 1071 555 1097 non
590 1061 745 1110 potest,
783 1071 873 1096 cum
902 1064 937 1096 et
971 1057 1128 1097 litterae
1165 1058 1205 1097 in
1242 1057 1362 1097 litura
1398 1058 1479 1097 sint
1516 1063 1557 1096 et
1592 1071 1613 1096 o
1650 1063 1743 1096 ante
1783 1057 1923 1110 loquat·
1952 1056 2208 1110 dispiciatur,
2249 1073 2294 1095 ea:

340 1131 471 1169 animo
500 1129 606 1168 felici
637 1129 871 1168 coniectura
899 1129 1075 1169 restituit
1095 1129 1148 1168 H.
1170 1130 1220 1168 A.
1243 1129 1440 1169 Koehius.
1488 1128 1573 1169 Sed
1602 1143 1706 1181 quae
1739 1129 2007 1181 insequuntur
2036 1144 2127 1168 eum
2158 1130 2292 1168 novis-

341 1202 464 1242 simus
495 1201 635 1241 harum
666 1201 927 1254 epistolarum
958 1200 1107 1252 editor,
1146 1200 1187 1241 S.
1210 1200 1553 1255 NVesenbergius,
1592 1206 1811 1253 praeeunte
1848 1201 1926 1240 alio
1965 1201 2125 1241 homine
2157 1202 2292 1252 docto,

339 1274 379 1313 in
409 1273 517 1312 huuc
547 1273 711 1313 modum
741 1279 895 1312 mutata
925 1273 1007 1312 edit
1034 1273 1141 1312 abest
1168 1275 1270 1312 enim
1294 1273 1433 1323 frater
1461 1271 1701 1322 α’φελέστατος
1730 1281 1765 1311 et
1793 1274 2088 1313 amantissimus

809 1346 872 1384 Me
904 1346 1038 1384 tellus!
1067 1359 1144 1385 non
1174 1346 1281 1385 homo
1310 1353 1364 1385 est
1391 1346 1459 1384 sed
1489 1346 1581 1384 litus
1610 1352 1727 1398 atque
1755 1360 1823 1384 aer

805 1417 860 1456 Et
886 1418 1052 1457 solitudo
1082 1431 1187 1457 mera

339 1497 379 1529 tu
410 1498 540 1528 autem
568 1490 639 1542 qui
668 1514 733 1539 —,
769 1488 912 1528 mirum
943 1495 1136 1541 quantum
1166 1489 1442 1529 desideramus
1480 1488 1577 1528 illud
1616 1488 1761 1528 subtile
1797 1488 1988 1527 iudicium
2021 1489 2126 1541 quod
2168 1490 2285 1529 toties

337 1562 399 1600 his
429 1561 612 1614 epistolis
643 1561 858 1600 salutarem
889 1575 1006 1612 opem
1038 1561 1184 1600 attulit.
1229 1561 1288 1601 Ut
1316 1561 1420 1600 enim
1451 1576 1638 1600 numeros
1668 1566 1981 1614 praetereamus,
2012 1576 2034 1599 a
2055 1576 2135 1612 quo
2167 1569 2285 1613 poeta

336 1640 524 1685 putamus
562 1633 630 1671 illa
658 1633 723 1672 Me
754 1634 907 1682 tellus.',
948 1647 994 1671 ea
1024 1632 1063 1671 vi
1101 1647 1181 1684 qua
1198 1632 1521 1686 VVesenbergius
1558 1632 1645 1685 ipse
1683 1633 1989 1684 interpretatur,
2030 1638 2071 1670 ut
2112 1633 2190 1671 sint
2233 1650 2287 1670 me

338 1706 450 1744 tellus
486 1705 664 1753 hauriat,
704 1704 885 1757 potuisse
925 1703 1074 1742 scribi?
1133 1704 1237 1742 Nam
1268 1703 1377 1755 quod
1408 1703 1574 1753 Cicero,
1614 1718 1694 1755 quo
1733 1704 1798 1743 illc
1830 1704 2013 1755 exemplo
2049 1704 2196 1753 utitur,
2235 1705 2285 1743 ad

337 1776 534 1827 Quintum
563 1776 726 1814 fratrem
758 1776 795 1824 3,
818 1777 855 1824 9,
879 1777 897 1813 1
931 1774 1011 1813 τότε
1040 1791 1099 1826 μοι
1128 1774 1232 1824 χάνοι
1264 1776 1403 1815 scribit
1432 1789 1585 1814 memor
1614 1776 1767 1814 scilicet
1798 1775 1996 1814 notissimi
2027 1790 2167 1815 versus·
2198 1776 2285 1814 Ho-

334 1848 471 1888 merici
500 1862 618 1900 quem
655 1846 750 1887 alibi
787 1847 988 1900 integrum
1027 1845 1220 1886 adscribit
1258 1846 1328 1899 (ad
1358 1847 1443 1886 Att.
1467 1847 1505 1897 9,
1527 1848 1565 1897 9,
1587 1847 1652 1899 3),
1690 1846 1876 1886 nimirum
1914 1846 1992 1886 hoe
2030 1853 2091 1886 est
2128 1847 2177 1886 dc
2217 1847 2284 1886 illo

333 1935 458 1970 more,
488 1934 606 1972 quem
638 1933 760 1972 supra
788 1918 973 1971 pluribus
1004 1918 1196 1971 exemplis
1218 1918 1509 1959 declaravimus
1542 1920 1668 1971 (nemo
1700 1933 1756 1958 me
1788 1920 1980 1966 lacrimis3
2012 1920 2139 1958 desine
2161 1920 2283 1959 Roma

335 1999 418 2031 tuos
448 1992 624 2044 hostes3),
653 2005 733 2043 quo
763 1996 950 2029 notorum
971 2004 1158 2029 versuum
1187 1991 1387 2043 principia
1414 2005 1564 2043 ponere
1596 1991 1711 2030 solet.
1760 1990 1906 2042 Neque
1927 2005 2025 2029 vero
2055 2006 2129 2029 nos
2161 2007 2282 2044 nega-

332 2078 420 2103 mus
450 2064 491 2102 in
520 2063 598 2102 illis
628 2064 761 2102 inesse
793 2062 890 2114 quid
918 2062 1103 2114 poeticae
1133 2062 1341 2112 orationis,
1380 2067 1419 2101 et
1449 2063 1528 2102 hoc
1558 2063 1651 2102 olim
1682 2068 1938 2115 perspectum
1970 2069 2044 2111 est,
2086 2070 2123 2101 et
2155 2078 2283 2115 nuper

331 2149 421 2174 cum
452 2149 475 2174 a
502 2134 729 2174 Ribbeekio
770 2136 891 2187 (trag.
922 2148 961 2187 p.
985 2134 1061 2172 ‘257
1086 2134 1165 2186 sq.)
1202 2139 1288 2172 tum
1319 2148 1342 2172 a
1370 2133 1648 2186 Peerlcampo.
1709 2133 1892 2184 Quorum
1922 2139 2056 2172 tamen
2096 2148 2183 2173 eum
2214 2135 2279 2172 ille

330 2207 430 2245 haec
460 2206 698 2245 attribueret
728 2204 917 2246 Ciceroni
946 2207 1240 2244 amantissimus
1268 2207 1361 2245 mei:
1397 2207 1502 2244 alius
1530 2220 1607 2244 non
1637 2207 1743 2245 homo
1781 2206 1885 2257 (sive
1916 2207 2041 2257 nemo)
2079 2208 2145 2244 sed
2173 2204 2279 2245 ‘litas

328 2285 445 2331 atque
473 2292 543 2317 aer
570 2285 607 2317 et
634 2278 798 2317 solitudo
827 2278 962 2327 mera'‚
993 2277 1280 2330 Peerlcampus
1311 2282 1443 2316 autem
1463 2277 1690 2316 Tullianam
1721 2277 1942 2317 orationem
1972 2277 2050 2316 hoc
2080 2278 2277 2318 versiculo

329 2354 496 2402 augeret
524 2350 818 2388 amantissimus
846 2349 931 2387 mei.
990 2349 1094 2388 solus
1122 2363 1226 2387 sum:
1255 2345 1347 2387 ‘non
1376 2349 1483 2387 homo
1513 2355 1567 2387 est
1603 2349 1670 2387 sed
1706 2349 1798 2387 litus
1834 2355 1869 2386 et
1906 2362 1986 2397 aer,
2025 2348 2188 2387 solitudo
2218 2350 2277 2387 hie

325 2426 379 2459 est
413 2419 547 2470 mera',
587 2425 730 2459 neuter
765 2433 845 2472 quo
882 2419 1050 2458 consilio
1087 2433 1216 2471 quave
1256 2424 1388 2458 mente
1427 2419 1528 2459 haec
1572 2425 1708 2459 essent
1745 2433 1767 2458 a
1806 2419 2003 2457 Cicerone
2038 2420 2273 2471 interposita

324 2493 451 2544 probe
489 2493 708 2541 intellexit,
746 2506 827 2530 non
867 2492 995 2544 magis
1037 2506 1158 2543 quam
1178 2492 1500 2545 VVesenbergius
1538 2498 1606 2531 aut
1643 2492 1748 2531 ullus
1779 2507 1896 2544 quem
1934 2491 2117 2530 novimus
2155 2492 2274 2531 inter-

324 2568 493 2615 pretem.
559 2564 614 2602 Et
650 2569 785 2603 tamen
821 2568 947 2602 totam
986 2563 1387 2616 comprehensionem
1429 2578 1519 2603 cum
1556 2564 1769 2603 attentiore
1813 2563 1944 2602 animo
1985 2564 2274 2615 persequimur,

324 2634 403 2674 hoc
432 2649 654 2688 agnoscere
683 2634 880 2686 videmur,
918 2633 1156 2675 Ciceronem
1188 2649 1278 2675 cum
1310 2641 1502 2688 queratur
1533 2641 1573 2676 et
1604 2635 1799 2687 Quintum
1830 2636 1989 2674 fratrem
2026 2635 2100 2674 sibi
2131 2635 2273 2675 deesse

323 2720 398 2746 nee
428 2707 613 2746 Atticum
641 2707 877 2747 familiarem
914 2721 1047 2746 coram
1079 2707 1241 2757 adesse,
1277 2708 1371 2747 huic
1400 2709 1595 2747 mentioni
1624 2708 1794 2747 duorum
1832 2707 2162 2746 amicissimorum
2201 2709 2273 2747 sed

324 2778 391 2829 qui
428 2792 536 2817 nunc
572 2779 693 2831 longe
731 2779 780 2818 ab
820 2780 907 2819 eius
943 2794 1019 2819 usu
1057 2779 1198 2818 remoti
1236 2780 1317 2819 sint
1353 2780 1523 2819 mediam
1562 2781 1817 2832 interponere
1855 2780 2272 2819 commemorationem

321 2848 430 2889 tertii
460 2849 529 2901 qui
565 2850 641 2891 etsi
677 2864 868 2903 praesens
899 2857 980 2901 est,
1017 2856 1153 2890 tamen
1191 2850 1242 2891 ab
1279 2866 1326 2892 eo
1364 2851 1625 2891 humanitatis
1662 2865 1780 2891 sensu
1812 2849 2002 2889 abhorret
2031 2864 2150 2902 quem
2182 2865 2272 2890 cuin

320 2920 492 2961 maxime
522 2920 746 2962 desiderat:
778 2929 823 2962 ut
851 2923 952 2963 haec
981 2922 1150 2976 pulchra
1180 2924 1400 2964 sententiae
1430 2924 1679 2963 concinnitas
1710 2922 1879 2961 oriatur:
1917 2923 2014 2961 nihil
2042 2923 2139 2961 mihi
2167 2938 2271 2962 nunc

317 2993 443 3046 ‘maqis
479 2993 581 3032 deest
616 3008 734 3048 quam
763 2997 913 3034 amicus
942 3009 1054 3034 verus
1083 3002 1120 3034 et
1146 2997 1334 3046 sincerus,
1363 2995 1495 3046 frater
1523 2997 1622 3034 enim
1651 2995 1772 3043 abest,
1810 2995 1875 3033 ille
1911 2996 2011 3033 alter
2039 3008 2116 3033 non
2149 2996 2269 3047 homo,

1956 3065 2018 3110 23(-
