2666 3518
1288 224 1312 264 9

302 353 421 392 rem.
482 340 571 393 Sed
601 362 743 390 versus
771 337 908 402 'paene
945 347 1131 398 ultimus,
1170 347 1238 400 qui
1276 347 1332 386 ita
1368 351 1414 386 ut
1451 361 1573 401 supra
1610 347 1866 401 scripsimus,
1904 347 2054 401 legitur
2091 347 2132 385 in
2164 346 2280 386 Cice-

327 425 435 462 ronis
464 424 577 463 libris
607 420 791 474 optimis,
829 420 991 472 gravius
1028 419 1195 459 affectus
1232 425 1313 469 est,
1351 419 1401 458 de
1432 434 1511 471 quo
1541 420 1741 470 sanando,
1778 420 1876 471 quid
1916 420 2035 459 nobis
2074 420 2282 472 probabile

328 496 458 536 visum
489 496 561 544 sit,
597 493 832 546 priusquam
863 493 1108 545 aperiamus,
1146 491 1196 531 de
1227 496 1447 531 metrorum
1483 506 1629 546 genere
1660 492 1876 532 dicendum
1907 498 1979 532 est.
2041 491 2144 532 Cum
2176 493 2281 532 enim

329 565 474 606 Cicero
495 565 728 620 septenarios
748 563 936 617 appellet,
966 563 1002 603 ei
1023 577 1117 604 vero
1146 577 1313 603 numero
1335 577 1473 604 versus
1502 564 1580 617 ipsi
1611 564 1875 618 refragentur,
1905 564 2130 613 Bentleius,
2162 563 2281 603 simul

328 638 397 678 illa
433 637 695 692 persuasione
735 635 949 686 seductus,
987 649 1066 688 qua
1104 636 1403 675 octonariorum
1440 650 1557 676 usum
1588 650 1612 675 a
1639 636 1851 689 tragoedia
1888 636 2060 675 alienum
2099 635 2280 684 haberet,

332 724 434 761 quae
464 709 585 749 hodie
616 708 814 747 neminem
845 707 1031 760 decipiet,
1061 722 1143 747 non
1164 708 1360 748 abstinuit
1380 722 1404 746 a
1424 708 1731 748 violentioribus
1761 708 1972 758 machinis,
2002 713 2047 747 ut
2076 709 2116 746 in
2147 714 2281 759 septe-

329 781 531 820 nariorum
562 794 788 819 mensuram
820 793 960 819 versus
991 785 1156 832 cogeret
1190 779 1358 828 invitos3
1398 794 1530 831 neque
1567 779 1724 819 felicius
1765 794 1812 819 ea
1850 794 1913 819 res
1951 780 2074 819 cessit
2103 779 2280 831 Bergkio

332 852 495 905 (Philol.
515 853 581 902 31,
603 852 683 892 240
704 852 783 904 sq.)
816 855 885 891 aut
914 851 949 891 ei
980 850 1049 904 qui
1079 865 1201 904 saepe
1221 856 1377 891 mutata
1397 851 1597 892 sententia
1617 850 1790 904 denique
1810 851 1989 905 Bergkio
2016 850 2281 903 adstipulatus

329 937 472 964 versus
503 922 665 977 quidem
694 922 763 962 illo
793 923 979 963 tersiores
1011 922 1178 973 effinxit,
1207 922 1470 974 Ritschelius,
1500 924 1724 963 orationem
1755 928 1887 962 autem
1911 923 2036 962 nihilo
2059 923 2191 962 minus
2213 922 2282 960 de-

330 996 514 1048 pravavit
545 996 674 1047 (Trin.
691 1007 723 1033 11
752 1009 791 1046 p.
816 1007 931 1033 13‘111.
974 997 1081 1047 Opp.
1106 997 1144 1044 3,
1167 997 1251 1046 26).
1298 996 1404 1034 Nam
1434 1002 1479 1034 ut
1509 1002 1713 1034 taceamus
1734 996 1901 1048 Bergkii
1923 997 2012 1034 heus
2032 997 2184 1047 ‹surr-{qe
2215 1001 2280 1033 aut

329 1067 541 1107 Ritschelii
570 1082 684 1119 sut-90
712 1082 784 1119 aye
814 1067 863 1106 ab
895 1067 1013 1106 huius
1044 1066 1187 1106 decore
1219 1068 1410 1113 orationis
1441 1066 1664 1120 repudiata,
1703 1083 1793 1107 cum
1825 1075 1865 1106 tu
1896 1083 2015 1107 versu
2045 1067 2173 1119 primo
2205 1066 2282 1106 tol-

328 1139 437 1189 lunt,
474 1152 593 1178 versu
624 1142 757 1178 autem
788 1137 928 1191 quinto
959 1152 1031 1191 pro
1061 1138 1140 1179 illis
1171 1152 1244 1192 per
1275 1145 1418 1178 terram
1448 1143 1604 1192 ponunt
1635 1145 1757 1178 taetra
1789 1143 1857 1178 aut
1885 1152 1960 1192 per
1988 1138 2166 1187 humum,
2209 1152 2281 1177 suo

331 1210 526 1248 arbitratu
555 1215 763 1248 removent
793 1224 894 1261 quae
926 1210 1134 1261 aptissima
1164 1215 1270 1249 suut.
1319 1210 1433 1260 Quae
1454 1211 1523 1250 ubi
1553 1211 1846 1261 relinquuntur,
1876 1215 1921 1248 ut
1950 1225 2025 1261 par
2044 1216 2118 1259 est,
2149 1216 2281 1248 aetum

330 1286 392 1320 est
421 1280 470 1320 de
498 1281 748 1333 septenariis.
807 1281 871 1320 Ao
900 1275 974 1320 nos
996 1280 1157 1332 quidem
1187 1281 1250 1321 his
1280 1281 1553 1322 moliminibus
1584 1297 1633 1321 ne
1656 1281 1837 1321 mutandi
1868 1281 2030 1333 quidem
2062 1280 2281 1333 probabili-

330 1357 411 1391 tate
441 1352 522 1391 ulla
552 1351 842 1392 commendatis
878 1351 987 1391 haud
1017 1357 1255 1392 cunctanter
1283 1352 1576 1405 praeferremus
1606 1352 1796 1392 Lambini
1825 1351 2017 1392 iudicium
2047 1353 2283 1406 septenario-s

331 1423 440 1475 quod
469 1423 753 1480 traditum-est
780 1425 972 1463 mutantis
1002 1425 1043 1463 in
1072 1427 1298 1464 octonarios.
1360 1425 1443 1465 Sed
1473 1425 1753 1477 amplectimur
1782 1425 2011 1477 opinionem
2043 1440 2130 1464 eam
2162 1440 2282 1477 quam

332 1496 427 1534 olim
455 1497 542 1549 ipse
578 1496 767 1549 probavit
795 1496 1042 1536 Ritschelius
1073 1511 1273 1549 quamque
1303 1497 1473 1536 retinere
1503 1496 1770 1536 Ribbeckium
1801 1497 2004 1547 videmus,
2044 1496 2282 1536 Ciceronem

332 1583 421 1606 cum
450 1570 682 1621 septenarios
711 1575 876 1608 vocaret
904 1569 1100 1610 erravisse
1137 1584 1209 1621 per
1238 1570 1558 1619 festinationem,
1598 1584 1678 1620 qua
1708 1584 1828 1622 saepe
1858 1570 2065 1622 peecavit3
2106 1576 2143 1608 et
2175 1584 2282 1609 nune

331 1639 491 1691 quidem
530 1654 611 1680 non
643 1640 814 1693 aliquem
844 1640 1028 1680 Atticum
1065 1640 1239 1691 invenit,
1277 1640 1346 1693 qui
1384 1641 1529 1680 erroris
1567 1639 1801 1680 admoneret
1840 1640 2204 1695 corrigendumque
2242 1641 2280 1679 in

333 1710 482 1750 chartis
513 1716 671 1750 curaret
709 1714 825 1764 (nota
854 1717 949 1750 sunt
979 1726 1081 1763 quae
1111 1712 1161 1750 de
1190 1712 1266 1750 hac
1295 1712 1478 1750 officiosa
1514 1712 1730 1750 sedulitate
1762 1713 1888 1750 Attici
1927 1714 1988 1750 sui
2022 1719 2159 1750 narrat
2196 1713 2281 1763 ipse

331 1782 371 1820 in
402 1783 584 1834 epistolis
614 1783 665 1822 ad
695 1784 780 1822 Att.
805 1786 842 1833 7,
864 1785 907 1831 33
940 1785 1004 1833 12,
1027 1785 1082 1835 6).
1127 1783 1240 1836 Ergo
1270 1798 1412 1823 versus
1443 1798 1545 1835 quos
1576 1785 1725 1833 attulit,
1754 1799 1836 1822 non
1868 1783 2104 1824 Ciceronem
2135 1789 2280 1822 testem

333 1867 565 1905 sequemur,
608 1868 749 1895 versus
794 1860 925 1895 autem
970 1860 1014 1894 ut
1057 1854 1246 1907 leguntur
1280 1855 1484 1894 manifesti
1520 1861 1614 1894 sunt
1649 1856 1857 1895 octonarii.
1924 1856 2148 1908 Missisque
2193 1854 2282 1893 isti>-

333 1926 651 1967 correctionibus
681 1926 797 1967 metri
828 1940 949 1966 causa
977 1925 1095 1967 factis
1125 1925 1279 1980 reliqua
1308 1924 1519 1967 emendate
1551 1926 1702 1980 scripta
1731 1942 1817 1967 esse
1848 1926 1965 1967 nobis
1997 1925 2283 1979 persuadetur,

333 1997 521 2037 vitiosum
543 2012 667 2038 unum
687 1997 864 2049 semzasst
892 1997 975 2047 rezs
997 1998 1099 2050 (sive
1120 1997 1272 2048 semzas
1285 1998 1440 2051 szrezs).
1488 1997 1566 2038 Cui
1589 1999 1735 2038 mendo
1758 2005 1802 2037 ut
1823 1999 2052 2038 mederetur
2073 1999 2282 2037 Bentleius

334 2069 535 2120 duplicem
557 2071 830 2109 coniecturam
849 2071 1075 2123 proposuit,
1103 2072 1282 2109 semiesaa
1301 2071 1410 2120 olim,
1439 2077 1582 2122 postea
1602 2072 1656 2109 sic
1676 2085 1779 2109 meas
1800 2073 1901 2119 siris,
1929 2078 2142 2121 utrumque
2163 2071 2216 2107 ita
2240 2078 2280 2107 ut

335 2141 560 2194 septenario
600 2143 861 2183 satisfaceret.
922 2141 1104 2194 Quorum
1143 2143 1233 2183 sirie
1274 2143 1358 2183 sive
1399 2141 1510 2196 quod
1546 2141 1753 2196 Hauptius
1795 2142 1931 2197 (Opp.
1956 2143 1993 2193 ἱ),
2015 2142 2120 2195 353)
2159 2142 2282 2181 suasit

333 2213 545 2266 ipsumque
576 2220 638 2254 est
666 2215 707 2253 in
731 2215 924 2255 librorum
943 2215 1135 2255 memoria
1153 2217 1263 2255 sireis
1284 2215 1538 2255 verissimum
1557 2221 1638 2264 est3
1668 2216 1722 2255 sic
1750 2229 1855 2255 meas
1886 2221 2020 2254 autem
2042 2228 2281 2266 quamquam

334 2285 586 2325 retinuerunt
614 2288 816 2338 variisque
846 2286 975 2326 modis
1005 2287 1213 2326 octonario
1244 2292 1381 2339 aptare
1417 2286 1659 2327 studuerunt
1687 2287 1979 2326 Fleckeisenus
2008 2286 2282 2325 Buechelerus

336 2355 599 2408 Ribbeckius,
628 2359 723 2398 item
744 2358 946 2412 Bergkius
974 2363 1013 2398 et
1030 2358 1292 2409 Ritschelius,
1323 2359 1513 2411 quoniam
1543 2372 1674 2411 neque
1705 2358 1756 2397 ad
1786 2359 1941 2398 litteras
1971 2358 2139 2397 traditas
2170 2371 2282 2396 aece-

336 2426 397 2465 dit
426 2433 465 2466 et
494 2429 604 2468 nulla
632 2436 746 2483 parte
776 2431 1016 2470 sententiam
1047 2430 1224 2481 adiuvat,
1254 2430 1370 2470 nobis
1395 2430 1663 2469 reiectaneum
1684 2429 1855 2469 videtur.
1902 2429 2155 2469 Probabilius
2186 2435 2283 2476 erat,

335 2499 631 2553 probatumque
668 2507 728 2541 est
765 2503 835 2541 uni
871 2508 940 2542 aut
977 2503 1090 2541 alteri
1121 2501 1332 2542 Ciceronis
1371 2502 1536 2552 editori,
1575 2502 1743 2541 alterum
1774 2502 1945 2542 Bentleii
1985 2502 2189 2539 inventum
2230 2516 2285 2538 sa*-

335 2571 484 2621 miews,
516 2573 625 2624 quod
655 2588 746 2614 cum
776 2575 884 2614 sireis·
913 2574 1173 2614 coniunctum
1204 2579 1244 2614 et
1272 2574 1403 2626 ipsum
1425 2574 1621 2614 octonarii
1645 2588 1872 2614 mensuram
1903 2573 2033 2625 explet
2064 2587 2136 2610 nee
2166 2572 2283 2624 plane

338 2642 528 2681 abhorret
558 2659 581 2682 a
601 2647 814 2684 sententia.
860 2646 943 2685 Sed
973 2661 1046 2684 nos
1078 2646 1172 2684 dum
1204 2646 1408 2696 sequimur
1425 2646 1528 2684 illud
1549 2646 1658 2696 quod
1679 2647 1768 2696 ipso
1792 2645 1987 2684 Cicerone
2019 2650 2181 2682 auctore
2214 2658 2284 2694 po-

338 2714 510 2764 suimus,
550 2717 639 2768 rogi
677 2733 821 2757 munus
860 2718 1074 2771 expetiisse
1106 2717 1360 2770 Deiphilum,
1399 2717 1450 2757 ad
1488 2717 1593 2757 hanc
1622 2733 1704 2756 rem
1736 2716 1842 2768 quod
1875 2716 2020 2755 sau-eret
2053 2731 2073 2753 ει
2106 2714 2285 2754 Pacuvio

338 2785 531 2836 scriptum
562 2792 602 2825 et
632 2803 655 2826 a
686 2788 883 2829 Cicerone
914 2805 1001 2828 esse
1032 2788 1200 2828 relatum
1232 2789 1488 2829 coniieimus:
1527 2804 1671 2841 nempe
1702 2789 1919 2828 mutatione
1959 2788 2035 2825 leni
2075 2800 2120 2825 ae
2160 2801 2286 2838 paene

338 2855 444 2895 nulla
477 2871 521 2895 cx
542 2857 694 2911 stmms
718 2861 913 2900 efficimus
931 2858 1086 2911 sem'cas
1111 2860 1149 2899 h.
1173 2875 1207 2900 e.
1237 2868 1433 2900 semustas.

777 2934 865 2973 Neu
893 2935 1094 2987 relliquias
1122 2941 1309 2973 semustas
1337 2935 1446 2973 sireis
1477 2934 1682 2973 denudatis
1712 2934 1854 2972 ombus

777 3006 856 3045 Per
887 3013 1026 3046 terram
1057 3008 1166 3045 sanie
1196 3006 1385 3045 delibutas·
1405 3005 1520 3055 foede
1549 3006 1775 3044 (livea-arim.
