2666 3518
1308 193 1363 235 14

356 316 527 356 rationes
560 331 607 355 ea
639 331 679 355 re
709 330 790 355 una
819 316 1003 355 nituntur
1033 317 1142 368 quod
1174 332 1275 369 quae
1307 317 1445 358 scribit
1477 316 1621 356 Cicero
1663 324 1705 355 ut
1734 318 1898 356 hostium
1927 318 2107 357 eliciatur
2135 332 2203 357 ειιο
2243 334 2313 370 pa-

354 402 441 425 rum
473 387 598 439 ipsius
629 387 803 426 sermoni
835 388 1053 426 convenire.
1084 394 1120 426 et
1151 389 1270 428 altius
1300 388 1491 441 quiddam
1523 387 1674 440 spirare
1705 387 1792 427 visa
1822 393 1927 427 sunt.
1986 387 2044 427 At
2072 389 2191 428 facile
2222 405 2312 443 per-

353 459 536 510 spicitur,
572 473 692 510 quam
723 458 798 497 hoc
828 464 949 497 tenue
982 474 1028 497 a(-
1060 460 1256 499 lubricum
1288 461 1341 499 sit
1371 460 1456 498 eius
1487 459 1742 498 coniecturae
1772 459 2077 498 fundamentum
2108 461 2147 499 in
2177 461 2314 500 fabula

352 536 435 569 tam
466 531 623 584 vulgari
662 530 882 582 multisque
920 538 1255 581 commemorata,
1294 532 1362 571 ubi
1399 531 1633 583 praesertim
1671 546 1745 570 nec
1787 532 1902 571 metri
1933 532 2148 584 vestigium
2186 533 2311 572 ullum

352 618 483 656 neque
521 603 749 657 expressior
779 618 870 642 enin
902 603 1074 644 Graecis
1105 603 1324 644 similitudo
1363 608 1619 657 agnoscatur.
1682 602 1803 655 Quod
1835 604 1940 644 enim
1972 602 2117 644 Cicero
2147 604 2312 659 Iphige-

353 676 459 714 niam
498 675 638 715 scribit
667 675 845 714 voluisse
884 690 957 715 sno
995 676 1190 729 sanguine
1227 676 1315 714 elici
1354 675 1529 714 hostium
1568 676 1827 728 sanguinem,
1868 690 1939 715 cur
1968 675 2009 715 id
2039 676 2190 716 maiore
2227 677 2312 716 iure

353 746 621 786 attribuemus
651 751 795 799 poetae
827 761 947 798 qnam
968 747 1032 786 vel
1062 746 1161 786 illud
1193 746 1300 799 quod
1331 745 1380 786 de
1403 760 1484 799 rep.
1508 748 1542 796 1,
1568 748 1583 785 1
1618 745 1699 786 duo
1722 745 1936 800 Scipiones
1967 747 2157 787 dicuntur
2186 749 2314 788 oriens

351 820 578 858 incendium
608 819 698 858 belli
726 819 878 858 Punici
904 833 973 858 suo
1002 821 1193 871 sanquine
1222 820 1460 857 restinoeisee:
1497 823 1537 857 et
1567 832 1675 858 nunc
1704 819 1911 859 rhetorum
1941 819 2162 860 sententias
2192 820 2313 860 refert

354 896 393 930 et
424 890 571 942 quibus
602 889 659 929 illi
691 890 887 942 exemplis
918 890 1058 930 mortis
1096 904 1169 942 pro
1205 890 1335 942 patria
1364 890 1568 942 oppetitae
1604 889 1745 929 laudes
1785 890 1977 930 extollere
2015 891 2312 932 consueverint.

354 961 438 1001 Sed
468 976 519 1001 ne
550 962 815 1015 ambiguitate
847 976 990 1001 sensns
1021 962 1206 1000 dirimere
1231 961 1437 1000 videamur
1467 961 1563 1013 quid
1595 967 1756 1014 poetam
1787 962 1885 1014 quid
1916 963 2154 1015 scriptorem
2183 964 2313 1017 magis

352 1033 517 1083 deceat,
557 1034 707 1073 certius
745 1034 867 1072 saciet
905 1033 1097 1072 iudicium
1135 1034 1223 1086 ipsa
1261 1048 1430 1073 excussa
1467 1033 1535 1071 illa
1573 1033 1768 1073 orationis
1803 1035 1933 1073 forma
1967 1049 2047 1085 qua
2075 1035 2312 1088 Iphigeniae

353 1105 582 1156 exemplum
613 1104 798 1152 affertun
836 1118 940 1155 quae
972 1118 1061 1142 cum
1091 1119 1286 1156 perquam
1318 1104 1370 1143 sit
1400 1103 1691 1154 memorabilis,
1732 1104 1996 1157 interpretum
2028 1119 2163 1145 euram
2193 1106 2312 1159 plano

353 1176 507 1230 effugit.
558 1177 624 1216 An
656 1191 737 1216 non
767 1176 845 1216 hoc
876 1175 1161 1215 observatione
1193 1175 1358 1230 dignum
1391 1182 1464 1225 est,
1495 1175 1604 1228 quod
1635 1189 1726 1216 cum
1756 1175 1870 1215 initio
1902 1177 2103 1229 aequabili
2135 1177 2311 1230 quodam

353 1248 475 1288 modo
507 1249 748 1288 narrationis
780 1248 878 1287 ordo
909 1247 1118 1300 procedat,
1149 1256 1324 1300 repetunt
1350 1249 1399 1287 ab
1418 1248 1623 1288 Erechtheo
1645 1272 1698 1297 -,
1729 1257 2028 1288 commemorant
2060 1250 2231 1289 Codrum
2254 1273 2309 1300 -‚

352 1322 579 1361 Menoeceus
609 1335 686 1360 non
716 1321 1045 1374 praetermittitw·
1075 1344 1128 1369 —-,
1169 1319 1303 1359 subito
1335 1320 1374 1359 in
1404 1319 1619 1373 Iphigenia
1647 1319 1831 1360 instituta
1860 1320 1964 1360 ratio
1996 1320 2310 1374 derelinquatur,

352 1393 558 1446 Ipht‘yenla
589 1394 683 1432 (luci
709 1408 747 1432 «ve
774 1393 1056 1431 -1'mmolondam
1089 1393 1190 1431 lubet
1220 1416 1274 1440 -—,
1315 1392 1407 1431 dein
1447 1391 1585 1432 eadem
1623 1406 1760 1432 rursus
1795 1397 2004 1444 repetatur
2033 1393 2074 1432 in
2103 1394 2310 1446 proximis,

352 1467 512 1502 reuimec
539 1466 628 1503 indo
657 1466 712 1502 ad
737 1466 923 1516 propiora
956 1464 1024 1500 —P
1081 1463 1212 1513 Quam
1244 1463 1556 1515 discrepantiam
1587 1465 1619 1502 si
1651 1464 1739 1514 quis
1770 1464 2022 1503 emendando
2054 1465 2194 1504 tollere
2225 1466 2310 1504 ani-

352 1551 459 1574 mum
490 1534 670 1585 inducat⁷
708 1535 819 1574 velut
848 1534 927 1574 hoc
957 1534 1076 1573 modo
1108 1535 1300 1573 laudatur
1328 1535 1533 1588 Iplu'yenia
1562 1550 1662 1588 quae
1692 1560 1746 1584 —‚
1786 1536 2023 1588 obstrepent
2058 1536 2231 1590 singula,
2268 1538 2307 1576 in

351 1608 498 1659 quibus
530 1622 604 1646 nec
636 1607 739 1646 iubet
764 1607 967 1660 praesenti
998 1612 1177 1659 tempore
1209 1622 1283 1646 nec
1314 1608 1460 1646 Aulide
1490 1607 1689 1646 adiectum
1720 1606 1771 1646 ad
1801 1608 2052 1661 superiorum
2083 1609 2309 1648 conforma-

348 1680 500 1719 tionem
539 1679 706 1719 aecedit.
766 1679 822 1718 Et
858 1685 992 1718 tamen
1033 1679 1137 1719 idem
1176 1668 1404 1732 exemplum
1443 1685 1502 1719 tot
1539 1679 1766 1720 nominibus
1796 1696 1819 1719 a
1847 1680 2052 1732 prioribus
2087 1681 2306 1721 discretum

349 1751 550 1792 artissimo
582 1751 745 1791 vinculo
777 1765 867 1790 cum
897 1751 1082 1804 proximo
1113 1750 1224 1803 quod
1255 1755 1314 1791 est
1344 1750 1394 1790 de
1424 1750 1649 1791 Menoeceo
1680 1765 1904 1791 connexum
1941 1757 2003 1791 est
2039 1752 2097 1792 ita
2131 1757 2177 1792 ut
2213 1752 2305 1793 inde

349 1826 553 1877 san-quinis
582 1837 727 1862 nomen
758 1829 892 1861 mente
924 1823 1049 1875 repeti
1080 1823 1254 1875 scriptor
1283 1822 1474 1862 voluerit:
1511 1837 1601 1861 nam
1633 1823 1743 1874 quod
1773 1823 1868 1862 olim
1899 1824 2142 1877 vulgabatur
2170 1832 2214 1864 ut
2242 1826 2307 1864 Ῐιο-

347 1900 464 1936 stium
494 1897 655 1947 sanquis
686 1910 708 1933 a
737 1895 930 1933 librorum
970 1895 1163 1932 memoria
1199 1895 1423 1946 respuitur,
1462 1908 1578 1932 cruor
1605 1909 1700 1932 vero
1738 1895 1848 1945 quod
1888 1895 1929 1932 in
1959 1896 2134 1946 quodam
2166 1896 2304 1935 codiee

346 1971 474 2008 fertur
516 1982 590 2020 pro
634 1981 721 2016 suo,
767 1982 813 2005 ea
858 1965 968 2006 rudis
1008 1972 1070 2006 est
1107 1965 1366 2018 interpolatio
1405 1966 1782 2006 commemoratione
1821 1966 1998 2020 indigna.
2060 1966 2169 2018 Quid
2208 1983 2305 2022 ergo

347 2041 435 2080 est?
493 2040 688 2079 Fortasse
718 2038 907 2088 fallimur,
938 2038 1009 2077 sed
1039 2044 1229 2091 putamus
1260 2037 1360 2077 haec.
1390 2038 1446 2077 ita
1476 2052 1665 2078 exarasse
1697 2036 1958 2078 Ciceronem:
1992 2063 2041 2069 —
2072 2064 2122 2069 —
2151 2040 2305 2080 Blenoe-

344 2128 433 2151 cens
463 2127 540 2151 non
564 2111 905 2164 praetermittitur,
936 2112 1008 2162 qul
1034 2112 1123 2148 item
1152 2111 1312 2148 oraculo
1335 2111 1434 2148 edito
1456 2111 1622 2162 larfst'tus
1650 2117 1705 2148 est
1729 2112 1885 2163 patriae
1912 2125 2024 2149 auum
2052 2114 2305 2165 aanyuinem:

346 2200 439 2224 nam
460 2184 667 2238 Iplu'ssenz'a
689 2182 839 2221 Aulide
868 2182 962 2221 duci
988 2197 1025 2221 se
1053 2182 1337 2220 immolandam
1356 2181 1462 2220 iubet
1491 2189 1533 2220 ut
1555 2182 1719 2221 hostium
1748 2183 1929 2222 eliciatur
1947 2197 2037 2222 auo:
2067 2184 2305 2237 interposita

344 2271 437 2296 nam
474 2255 694 2309 particula,
731 2267 836 2305 quae
869 2268 915 2292 eo
947 2253 1110 2304 quidem
1146 2253 1238 2292 loco
1276 2253 1447 2306 proclivi
1476 2253 1729 2293 librariorum
1766 2268 1900 2294 errore
1934 2254 2121 2308 intercipi
2157 2255 2301 2308 potuit.

347 2331 439 2380 Qua.
460 2327 598 2367 addita
617 2340 717 2365 voce
748 2339 953 2378 emergere
975 2326 1185 2378 scriptoris
1208 2325 1420 2364 eonsilium
1442 2325 1611 2364 videtur.
1659 2324 1728 2365 Sic
1749 2326 1854 2365 enim
1879 2326 2168 2377 existimamus,
2199 2327 2303 2367 hanc

344 2401 394 2440 de
424 2399 639 2453 Iphigenia
668 2397 900 2437 memoriam
938 2412 1019 2436 non
1058 2397 1201 2436 subiici
1234 2397 1379 2436 ceteris
1409 2402 1454 2435 ut
1484 2410 1713 2449 comparem
1751 2397 1824 2437 sed
1853 2397 1904 2438 ab
1934 2397 1983 2437 iis
2014 2399 2220 2451 segregari
2260 2404 2301 2438 ut

343 2472 560 2524 disparem,
599 2470 755 2509 ratione
786 2484 858 2508 eur
887 2474 1121 2508 secernatur
1150 2468 1319 2508 adiecta.
1382 2468 1545 2520 Quippe
1576 2483 1623 2507 ea
1653 2470 1712 2509 vis
1743 2475 1805 2509 est
1834 2470 1920 2509 eius
1950 2470 2183 2522 particulae,
2219 2484 2300 2509 non

342 2550 386 2583 ut
417 2544 473 2582 rei
503 2542 659 2595 positae
690 2555 813 2581 eausa
843 2540 1047 2589 afferatur,
1083 2539 1156 2579 sed
1185 2539 1296 2591 quod
1326 2539 1427 2579 haec
1457 2540 1590 2592 posita
1619 2541 1684 2590 sit,
1715 2541 1844 2580 altera
1871 2541 2102 2593 praeterita,
2133 2540 2174 2580 id
2203 2555 2299 2581 vero

343 2616 587 2668 explicetur:
618 2613 659 2652 id
690 2612 800 2666 quod
829 2612 1014 2652 iterando
1045 2627 1240 2652 summam
1271 2611 1491 2665 superioris
1522 2612 1741 2652 sententiae
1770 2613 1999 2666 patefacere
2029 2613 2172 2666 possis.
2218 2613 2301 2654 Ita-

342 2702 420 2740 que
450 2686 557 2726 hum·
589 2700 707 2739 quem
737 2685 1011 2738 reeiperamus
1043 2685 1333 2725 sententiarum
1363 2689 1546 2724 tenorem
1576 2683 1653 2724 hoe
1683 2685 1765 2725 fere
1795 2684 1916 2725 modo
1944 2684 2130 2725 evolvere
2160 2685 2298 2726 liceat:

338 2758 607 2807 Erechtheus,
638 2756 799 2797 Codrus
829 2757 1046 2796 laudantur
1066 2757 1134 2810 qui
1165 2771 1239 2809 pro
1263 2757 1395 2810 patria
1415 2761 1583 2796 mortem
1605 2757 1906 2810 oppetiverunt3
1936 2757 2187 2798 Menoeceus
2216 2772 2297 2798 non

337 2830 672 2883 praetermittitur
700 2830 769 2880 qui
798 2829 952 2881 patriae
985 2844 1100 2868 suum
1133 2829 1370 2881 sanguinem
1401 2829 1569 2881 largitus
1600 2834 1681 2867 est:
1718 2829 1888 2881 patriae,
1917 2830 2097 2880 inquam⁷
2126 2829 2297 2883 largitus

338 2910 401 2943 est
431 2902 689 2954 sanguinem:
719 2916 812 2940 nam
834 2901 1051 2954 Iphigenia
1080 2916 1161 2939 non
1191 2902 1231 2940 in
1261 2900 1392 2953 patria
1422 2900 1590 2940 obsessa
1620 2900 1691 2940 sed
1712 2900 1861 2941 Aulide
1891 2900 1985 2940 duci
2016 2915 2058 2940 se
2088 2901 2296 2941 immolan-

337 2974 430 3015 dam
461 2972 575 3015 iubet
603 2987 684 3012 non
716 2977 761 3012 ut
790 2971 930 3014 hostes
960 2971 1165 3027 pellantur
1184 2987 1207 3012 a
1227 2972 1357 3028 patria
1387 2970 1458 3013 sed
1488 2976 1534 3014 ut
1563 2971 1739 3014 hostium
1761 2972 1928 3029 sanguis
1958 2972 2097 3014 hostili
2126 2973 2167 3017 in
2191 2979 2300 3017 terra
