<?xml version="1.0" encoding="UTF-8"?>
<!DOCTYPE html PUBLIC "-//W3C//DTD XHTML 1.0 Transitional//EN"
    "http://www.w3.org/TR/xhtml1/DTD/xhtml1-transitional.dtd">
<html xmlns="http://www.w3.org/1999/xhtml" xml:lang="en" lang="en">
 <head>
  <title>
</title>
<meta http-equiv="Content-Type" content="text/html;charset=utf-8" />
  <meta name='ocr-system' content='tesseract 3.04.00' />
  <meta name='ocr-capabilities' content='ocr_page ocr_carea ocr_par ocr_line ocrx_word'/>
</head>
<body>
  <div class='ocr_page' id='page_1' title='image "4769553_0013.png"; bbox 0 0 2666 3518; ppageno 0'>
   <div class='ocr_carea' id='block_1_1' title="bbox 1287 215 1312 254">
    <p class='ocr_par' dir='ltr' id='par_1_1' title="bbox 1287 215 1312 254">
     <span class='ocr_line' id='line_1_1' title="bbox 1287 215 1312 254; baseline 0 0"><span class='ocrx_word' id='word_1_1' title='bbox 1287 215 1312 254; x_wconf 88' lang='lat'>7</span> 
     </span>
    </p>
   </div>
   <div class='ocr_carea' id='block_1_2' title="bbox 303 337 2281 3040">
    <p class='ocr_par' dir='ltr' id='par_1_2' title="bbox 303 337 2281 3040">
     <span class='ocr_line' id='line_1_2' title="bbox 317 337 2279 393; baseline 0.001 -16"><span class='ocrx_word' id='word_1_2' title='bbox 317 337 427 377; x_wconf 91' lang='lat' dir='ltr'><strong>moni</strong></span> <span class='ocrx_word' id='word_1_3' title='bbox 446 337 598 378; x_wconf 86' lang='lat' dir='ltr'><strong>Latino</strong></span> <span class='ocrx_word' id='word_1_4' title='bbox 630 337 936 378; x_wconf 86' lang='lat' dir='ltr'><strong>convenientius</strong></span> <span class='ocrx_word' id='word_1_5' title='bbox 968 343 1030 379; x_wconf 84' lang='lat' dir='ltr'><strong>est</strong></span> <span class='ocrx_word' id='word_1_6' title='bbox 1058 338 1139 378; x_wconf 88' lang='lat' dir='ltr'><strong>hoc</strong></span> <span class='ocrx_word' id='word_1_7' title='bbox 1160 338 1322 378; x_wconf 85' lang='lat' dir='ltr'><strong>dicendi</strong></span> <span class='ocrx_word' id='word_1_8' title='bbox 1352 338 1472 378; x_wconf 91' lang='lat' dir='ltr'><strong>modo</strong></span> <span class='ocrx_word' id='word_1_9' title='bbox 1496 340 1530 378; x_wconf 71' lang='lat' dir='ltr'><strong>is</strong></span> <span class='ocrx_word' id='word_1_10' title='bbox 1550 340 1678 378; x_wconf 69' lang='lat' dir='ltr'><strong>dictus</strong></span> <span class='ocrx_word' id='word_1_11' title='bbox 1708 346 1763 378; x_wconf 68' lang='lat' dir='ltr'><strong>est</strong></span> <span class='ocrx_word' id='word_1_12' title='bbox 1790 339 1883 378; x_wconf 84' lang='lat' dir='ltr'><strong>olim</strong></span> <span class='ocrx_word' id='word_1_13' title='bbox 1910 339 1992 378; x_wconf 70' lang='lat' dir='ltr'><em>illis</em></span> <span class='ocrx_word' id='word_1_14' title='bbox 2015 338 2279 393; x_wconf 73' lang='lat' dir='ltr'><strong>popularibus</strong></span> 
     </span>
     <span class='ocr_line' id='line_1_3' title="bbox 317 409 2279 463; baseline 0.001 -16"><span class='ocrx_word' id='word_1_15' title='bbox 317 411 389 462; x_wconf 75' lang='lat' dir='ltr'><strong>qui</strong></span> <span class='ocrx_word' id='word_1_16' title='bbox 408 417 489 448; x_wconf 74' lang='lat' dir='ltr'><strong>tum</strong></span> <span class='ocrx_word' id='word_1_17' title='bbox 509 410 689 448; x_wconf 78' lang='lat' dir='ltr'><strong>vivebant</strong></span> <span class='ocrx_word' id='word_1_18' title='bbox 708 411 888 449; x_wconf 71' lang='lat' dir='ltr'><strong>homines.</strong></span> <span class='ocrx_word' id='word_1_19' title='bbox 934 410 1061 449; x_wconf 88' lang='lat' dir='ltr'><strong>Velut</strong></span> <span class='ocrx_word' id='word_1_20' title='bbox 1082 409 1228 449; x_wconf 91' lang='lat' dir='ltr'><strong>Cicero</strong></span> <span class='ocrx_word' id='word_1_21' title='bbox 1259 411 1360 462; x_wconf 90' lang='lat' dir='ltr'><strong>ipse,</strong></span> <span class='ocrx_word' id='word_1_22' title='bbox 1389 416 1435 449; x_wconf 92' lang='lat' dir='ltr'><strong>ut</strong></span> <span class='ocrx_word' id='word_1_23' title='bbox 1464 412 1669 450; x_wconf 80' lang='lat' dir='ltr'><strong>mittamus</strong></span> <span class='ocrx_word' id='word_1_24' title='bbox 1689 412 1814 450; x_wconf 86' lang='lat' dir='ltr'><strong>verba</strong></span> <span class='ocrx_word' id='word_1_25' title='bbox 1834 425 1938 462; x_wconf 92' lang='lat' dir='ltr'><strong>quae</strong></span> <span class='ocrx_word' id='word_1_26' title='bbox 1970 411 2049 449; x_wconf 87' lang='lat' dir='ltr'><strong>hoc</strong></span> <span class='ocrx_word' id='word_1_27' title='bbox 2069 411 2159 463; x_wconf 93' lang='lat' dir='ltr'><strong>ipso</strong></span> <span class='ocrx_word' id='word_1_28' title='bbox 2188 411 2279 449; x_wconf 92' lang='lat' dir='ltr'><strong>loco</strong></span> 
     </span>
     <span class='ocr_line' id='line_1_4' title="bbox 318 480 2281 535; baseline 0.001 -16"><span class='ocrx_word' id='word_1_29' title='bbox 318 480 518 520; x_wconf 79' lang='lat' dir='ltr'><strong>habentur</strong></span> <span class='ocrx_word' id='word_1_30' title='bbox 549 489 630 520; x_wconf 78' lang='lat' dir='ltr'><strong>tum</strong></span> <span class='ocrx_word' id='word_1_31' title='bbox 658 483 722 521; x_wconf 74' lang='lat' dir='ltr'><strong>illi</strong></span> <span class='ocrx_word' id='word_1_32' title='bbox 748 483 928 531; x_wconf 77' lang='lat' dir='ltr'><strong>homines,</strong></span> <span class='ocrx_word' id='word_1_33' title='bbox 967 482 1016 521; x_wconf 90' lang='lat' dir='ltr'><strong>de</strong></span> <span class='ocrx_word' id='word_1_34' title='bbox 1046 483 1205 534; x_wconf 85' lang='lat' dir='ltr'><strong>legibus</strong></span> <span class='ocrx_word' id='word_1_35' title='bbox 1238 483 1276 531; x_wconf 91' lang='grc'><strong>2,</strong></span> <span class='ocrx_word' id='word_1_36' title='bbox 1301 483 1363 531; x_wconf 85' lang='grc'><strong>15,</strong></span> <span class='ocrx_word' id='word_1_37' title='bbox 1386 483 1436 521; x_wconf 85' lang='grc'><strong>39</strong></span> <span class='ocrx_word' id='word_1_38' title='bbox 1463 484 1637 535; x_wconf 73' lang='lat' dir='ltr'><strong>yravz&#39;ter</strong></span> <span class='ocrx_word' id='word_1_39' title='bbox 1665 483 1797 535; x_wconf 91' lang='lat' dir='ltr'><strong>inquit</strong></span> <span class='ocrx_word' id='word_1_40' title='bbox 1825 484 1918 522; x_wconf 82' lang='lat' dir='ltr'><strong>olim</strong></span> <span class='ocrx_word' id='word_1_41' title='bbox 1946 484 2023 521; x_wconf 69' lang='lat' dir='ltr'><strong>ieta</strong></span> <span class='ocrx_word' id='word_1_42' title='bbox 2051 482 2281 521; x_wconf 75' lang='lat' dir='ltr'><strong>vindicabat</strong></span> 
     </span>
     <span class='ocr_line' id='line_1_5' title="bbox 315 552 2277 608; baseline 0.001 -18"><span class='ocrx_word' id='word_1_43' title='bbox 315 558 421 592; x_wconf 73' lang='lat' dir='ltr'><strong>vetus</strong></span> <span class='ocrx_word' id='word_1_44' title='bbox 449 554 522 593; x_wconf 83' lang='lat' dir='ltr'><em>illa</em></span> <span class='ocrx_word' id='word_1_45' title='bbox 557 552 745 601; x_wconf 77' lang='lat' dir='ltr'><strong>Graeez&#39;a3</strong></span> <span class='ocrx_word' id='word_1_46' title='bbox 775 559 816 593; x_wconf 86' lang='lat' dir='ltr'><strong>et</strong></span> <span class='ocrx_word' id='word_1_47' title='bbox 847 552 1032 594; x_wconf 82' lang='lat' dir='ltr'><strong>Catullus</strong></span> <span class='ocrx_word' id='word_1_48' title='bbox 1063 568 1096 593; x_wconf 90' lang='lat' dir='ltr'><strong>c.</strong></span> <span class='ocrx_word' id='word_1_49' title='bbox 1121 554 1187 603; x_wconf 85' lang='lat'><strong>68,</strong></span> <span class='ocrx_word' id='word_1_50' title='bbox 1212 554 1289 593; x_wconf 87' lang='lat'><strong>153</strong></span> <span class='ocrx_word' id='word_1_51' title='bbox 1319 568 1420 607; x_wconf 82' lang='lat' dir='ltr'><strong>quae</strong></span> <span class='ocrx_word' id='word_1_52' title='bbox 1447 553 1599 593; x_wconf 72' lang='lat' dir='ltr'><strong>Themis</strong></span> <span class='ocrx_word' id='word_1_53' title='bbox 1628 555 1719 593; x_wconf 69' lang='lat' dir='ltr'><strong>olim</strong></span> <span class='ocrx_word' id='word_1_54' title='bbox 1751 554 1938 608; x_wconf 61' lang='lat' dir='ltr'><strong>Antiquis-</strong></span> <span class='ocrx_word' id='word_1_55' title='bbox 1966 554 2081 593; x_wconf 67' lang='lat' dir='ltr'><strong>solita</strong></span> <span class='ocrx_word' id='word_1_56' title='bbox 2109 561 2165 593; x_wconf 69' lang='lat' dir='ltr'><strong>est</strong></span> <span class='ocrx_word' id='word_1_57' title='bbox 2192 568 2277 592; x_wconf 85' lang='lat' dir='ltr'><strong>mu-</strong></span> 
     </span>
     <span class='ocr_line' id='line_1_6' title="bbox 315 625 2276 678; baseline 0.001 -16"><span class='ocrx_word' id='word_1_58' title='bbox 315 638 410 663; x_wconf 80' lang='lat' dir='ltr'><strong>nera</strong></span> <span class='ocrx_word' id='word_1_59' title='bbox 437 625 548 673; x_wconf 71' lang='lat' dir='ltr'><strong>serre</strong></span> <span class='ocrx_word' id='word_1_60' title='bbox 576 628 679 678; x_wconf 76' lang='lat' dir='ltr'><strong>piz’s;</strong></span> <span class='ocrx_word' id='word_1_61' title='bbox 717 632 758 664; x_wconf 86' lang='lat' dir='ltr'><strong>et</strong></span> <span class='ocrx_word' id='word_1_62' title='bbox 785 626 1000 665; x_wconf 80' lang='lat' dir='ltr'><strong>Terentius</strong></span> <span class='ocrx_word' id='word_1_63' title='bbox 1036 626 1076 664; x_wconf 88' lang='lat' dir='ltr'><strong>in</strong></span> <span class='ocrx_word' id='word_1_64' title='bbox 1113 625 1316 664; x_wconf 82' lang='lat' dir='ltr'><strong>Eunucho</strong></span> <span class='ocrx_word' id='word_1_65' title='bbox 1348 627 1387 675; x_wconf 86' lang='grc'><strong>2,</strong></span> <span class='ocrx_word' id='word_1_66' title='bbox 1418 627 1456 675; x_wconf 89' lang='grc'><strong>2,</strong></span> <span class='ocrx_word' id='word_1_67' title='bbox 1489 627 1536 664; x_wconf 88' lang='lat'><strong>15</strong></span> <span class='ocrx_word' id='word_1_68' title='bbox 1568 628 1660 664; x_wconf 70' lang='lat' dir='ltr'><strong>olim</strong></span> <span class='ocrx_word' id='word_1_69' title='bbox 1693 628 1761 664; x_wconf 68' lang='lat' dir='ltr'><strong>isti</strong></span> <span class='ocrx_word' id='word_1_70' title='bbox 1786 626 1874 674; x_wconf 74' lang='lat' dir='ltr'><strong>fuit</strong></span> <span class='ocrx_word' id='word_1_71' title='bbox 1905 628 2043 678; x_wconf 64' lang='lat' dir='ltr'><strong>⁸qeneri</strong></span> <span class='ocrx_word' id='word_1_72' title='bbox 2075 627 2276 678; x_wconf 83' lang='lat' dir='ltr'><strong>quondam</strong></span> 
     </span>
     <span class='ocr_line' id='line_1_7' title="bbox 313 696 2275 750; baseline 0.001 -15"><span class='ocrx_word' id='word_1_73' title='bbox 313 702 497 749; x_wconf 69' lang='lat' dir='ltr'><strong>quaestus</strong></span> <span class='ocrx_word' id='word_1_74' title='bbox 525 696 636 750; x_wconf 78' lang='lat' dir='ltr'><strong>apud</strong></span> <span class='ocrx_word' id='word_1_75' title='bbox 664 697 833 736; x_wconf 74' lang='lat' dir='ltr'><strong>saeclum</strong></span> <span class='ocrx_word' id='word_1_76' title='bbox 856 698 997 750; x_wconf 68' lang='lat' dir='ltr'><strong>praue,-</strong></span> <span class='ocrx_word' id='word_1_77' title='bbox 1027 696 1175 749; x_wconf 88' lang='lat' dir='ltr'><strong>aliique</strong></span> <span class='ocrx_word' id='word_1_78' title='bbox 1207 696 1405 747; x_wconf 85' lang='lat' dir='ltr'><strong>similiter,</strong></span> <span class='ocrx_word' id='word_1_79' title='bbox 1436 702 1476 736; x_wconf 87' lang='lat' dir='ltr'><strong>et</strong></span> <span class='ocrx_word' id='word_1_80' title='bbox 1505 697 1668 736; x_wconf 89' lang='lat' dir='ltr'><strong>omnino</strong></span> <span class='ocrx_word' id='word_1_81' title='bbox 1699 697 1864 737; x_wconf 88' lang='lat' dir='ltr'><strong>ubertas</strong></span> <span class='ocrx_word' id='word_1_82' title='bbox 1895 696 2095 749; x_wconf 75' lang='lat' dir='ltr'><strong>quaedam</strong></span> <span class='ocrx_word' id='word_1_83' title='bbox 2115 696 2275 736; x_wconf 90' lang='lat' dir='ltr'><strong>dicendi</strong></span> 
     </span>
     <span class='ocr_line' id='line_1_8' title="bbox 313 767 2274 821; baseline 0 -15"><span class='ocrx_word' id='word_1_84' title='bbox 313 767 353 805; x_wconf 91' lang='lat' dir='ltr'><strong>in</strong></span> <span class='ocrx_word' id='word_1_85' title='bbox 392 768 660 820; x_wconf 84' lang='lat' dir='ltr'><strong>significanda</strong></span> <span class='ocrx_word' id='word_1_86' title='bbox 697 769 852 820; x_wconf 85' lang='lat' dir='ltr'><strong>antiqui</strong></span> <span class='ocrx_word' id='word_1_87' title='bbox 887 769 1079 820; x_wconf 88' lang='lat' dir='ltr'><strong>temporis</strong></span> <span class='ocrx_word' id='word_1_88' title='bbox 1117 773 1249 808; x_wconf 88' lang='lat' dir='ltr'><strong>aetate</strong></span> <span class='ocrx_word' id='word_1_89' title='bbox 1279 769 1488 820; x_wconf 89' lang='lat' dir='ltr'><strong>utriusque</strong></span> <span class='ocrx_word' id='word_1_90' title='bbox 1516 769 1680 820; x_wconf 84' lang='lat' dir='ltr'><strong>linguae</strong></span> <span class='ocrx_word' id='word_1_91' title='bbox 1712 769 1980 820; x_wconf 83' lang='lat' dir='ltr'><strong>scriptoribus</strong></span> <span class='ocrx_word' id='word_1_92' title='bbox 2012 769 2158 808; x_wconf 85' lang='lat' dir='ltr'><strong>eximie</strong></span> <span class='ocrx_word' id='word_1_93' title='bbox 2187 769 2274 821; x_wconf 88' lang='lat' dir='ltr'><strong>pla-</strong></span> 
     </span>
     <span class='ocr_line' id='line_1_9' title="bbox 314 839 2275 892; baseline 0 -16"><span class='ocrx_word' id='word_1_94' title='bbox 314 839 415 877; x_wconf 83' lang='lat' dir='ltr'><strong>cuit:</strong></span> <span class='ocrx_word' id='word_1_95' title='bbox 452 853 503 878; x_wconf 90' lang='lat' dir='ltr'><strong>ne</strong></span> <span class='ocrx_word' id='word_1_96' title='bbox 533 840 676 878; x_wconf 86' lang='lat' dir='ltr'><strong>mirere</strong></span> <span class='ocrx_word' id='word_1_97' title='bbox 707 845 801 891; x_wconf 90' lang='lat' dir='ltr'><strong>post</strong></span> <span class='ocrx_word' id='word_1_98' title='bbox 829 840 899 878; x_wconf 81' lang='lat' dir='ltr'><strong>illa</strong></span> <span class='ocrx_word' id='word_1_99' title='bbox 926 841 1014 878; x_wconf 65' lang='lat' dir='ltr'><strong>ollis</strong></span> <span class='ocrx_word' id='word_1_100' title='bbox 1043 839 1306 892; x_wconf 72' lang='lat' dir='ltr'><strong>popularibue</strong></span> <span class='ocrx_word' id='word_1_101' title='bbox 1335 841 1428 878; x_wconf 80' lang='lat' dir='ltr'><strong>olim</strong></span> <span class='ocrx_word' id='word_1_102' title='bbox 1458 839 1553 878; x_wconf 85' lang='lat' dir='ltr'><strong>addi</strong></span> <span class='ocrx_word' id='word_1_103' title='bbox 1583 840 1704 878; x_wconf 89' lang='lat' dir='ltr'><strong>etiam</strong></span> <span class='ocrx_word' id='word_1_104' title='bbox 1732 841 1802 892; x_wconf 79' lang='lat' dir='ltr'><strong>qui</strong></span> <span class='ocrx_word' id='word_1_105' title='bbox 1837 848 1919 878; x_wconf 77' lang='lat' dir='ltr'><strong>tum</strong></span> <span class='ocrx_word' id='word_1_106' title='bbox 1947 840 2127 878; x_wconf 77' lang='lat' dir='ltr'><strong>vivebant</strong></span> <span class='ocrx_word' id='word_1_107' title='bbox 2154 840 2275 878; x_wconf 61' lang='lat' dir='ltr'><strong>laomi-</strong></span> 
     </span>
     <span class='ocr_line' id='line_1_10' title="bbox 311 910 2273 965; baseline 0.001 -16"><span class='ocrx_word' id='word_1_108' title='bbox 311 925 396 949; x_wconf 68' lang='lat' dir='ltr'><strong>uee:</strong></span> <span class='ocrx_word' id='word_1_109' title='bbox 426 910 493 951; x_wconf 83' lang='lat' dir='ltr'><strong>vel</strong></span> <span class='ocrx_word' id='word_1_110' title='bbox 512 911 679 951; x_wconf 85' lang='lat' dir='ltr'><strong>Tacitus</strong></span> <span class='ocrx_word' id='word_1_111' title='bbox 699 911 756 951; x_wconf 88' lang='lat' dir='ltr'><strong>ita</strong></span> <span class='ocrx_word' id='word_1_112' title='bbox 776 911 884 964; x_wconf 72' lang='lat' dir='ltr'><strong>apud</strong></span> <span class='ocrx_word' id='word_1_113' title='bbox 904 912 991 951; x_wconf 70' lang='lat' dir='ltr'><strong>illos</strong></span> <span class='ocrx_word' id='word_1_114' title='bbox 1011 912 1180 951; x_wconf 68' lang='lat' dir='ltr'><strong>homines</strong></span> <span class='ocrx_word' id='word_1_115' title='bbox 1201 912 1272 965; x_wconf 76' lang='lat' dir='ltr'><strong>qui</strong></span> <span class='ocrx_word' id='word_1_116' title='bbox 1291 919 1371 951; x_wconf 76' lang='lat' dir='ltr'><strong>tum</strong></span> <span class='ocrx_word' id='word_1_117' title='bbox 1391 911 1560 965; x_wconf 72' lang='lat' dir='ltr'><strong>aqebant</strong></span> <span class='ocrx_word' id='word_1_118' title='bbox 1580 926 1671 951; x_wconf 88' lang='lat' dir='ltr'><strong>ann.</strong></span> <span class='ocrx_word' id='word_1_119' title='bbox 1692 911 1729 961; x_wconf 89' lang='lat'><strong>3,</strong></span> <span class='ocrx_word' id='word_1_120' title='bbox 1749 913 1819 960; x_wconf 81' lang='lat'><strong>193</strong></span> <span class='ocrx_word' id='word_1_121' title='bbox 1850 917 1890 951; x_wconf 88' lang='lat' dir='ltr'><strong>et</strong></span> <span class='ocrx_word' id='word_1_122' title='bbox 1909 910 2021 964; x_wconf 91' lang='lat' dir='ltr'><strong>quod</strong></span> <span class='ocrx_word' id='word_1_123' title='bbox 2049 911 2273 965; x_wconf 76' lang='lat' dir='ltr'><strong>praemisso</strong></span> 
     </span>
     <span class='ocr_line' id='line_1_11' title="bbox 310 982 2276 1037; baseline 0.002 -17"><span class='ocrx_word' id='word_1_124' title='bbox 310 982 472 1023; x_wconf 86' lang='lat' dir='ltr'><strong>nomine</strong></span> <span class='ocrx_word' id='word_1_125' title='bbox 496 983 760 1037; x_wconf 73' lang='lat' dir='ltr'><strong>popularibus</strong></span> <span class='ocrx_word' id='word_1_126' title='bbox 788 997 927 1024; x_wconf 88' lang='lat' dir='ltr'><strong>rursus</strong></span> <span class='ocrx_word' id='word_1_127' title='bbox 958 984 1127 1023; x_wconf 76' lang='lat' dir='ltr'><strong>homines</strong></span> <span class='ocrx_word' id='word_1_128' title='bbox 1158 982 1348 1023; x_wconf 87' lang='lat' dir='ltr'><strong>adiicitur</strong></span> <span class='ocrx_word' id='word_1_129' title='bbox 1378 983 1427 1023; x_wconf 88' lang='lat' dir='ltr'><strong>ad</strong></span> <span class='ocrx_word' id='word_1_130' title='bbox 1458 997 1695 1037; x_wconf 75' lang='lat' dir='ltr'><strong>pronomen,</strong></span> <span class='ocrx_word' id='word_1_131' title='bbox 1725 997 1775 1023; x_wconf 90' lang='lat' dir='ltr'><strong>ne</strong></span> <span class='ocrx_word' id='word_1_132' title='bbox 1806 983 1847 1023; x_wconf 93' lang='lat' dir='ltr'><strong>id</strong></span> <span class='ocrx_word' id='word_1_133' title='bbox 1867 983 2031 1036; x_wconf 90' lang='lat' dir='ltr'><strong>quidem</strong></span> <span class='ocrx_word' id='word_1_134' title='bbox 2061 997 2141 1023; x_wconf 91' lang='lat' dir='ltr'><strong>non</strong></span> <span class='ocrx_word' id='word_1_135' title='bbox 2165 989 2276 1023; x_wconf 82' lang='lat' dir='ltr'><strong>certa</strong></span> 
     </span>
     <span class='ocr_line' id='line_1_12' title="bbox 311 1054 2274 1107; baseline 0.001 -15"><span class='ocrx_word' id='word_1_136' title='bbox 311 1054 487 1104; x_wconf 86' lang='lat' dir='ltr'><strong>quadam</strong></span> <span class='ocrx_word' id='word_1_137' title='bbox 516 1055 656 1094; x_wconf 88' lang='lat' dir='ltr'><strong>Latini</strong></span> <span class='ocrx_word' id='word_1_138' title='bbox 686 1056 884 1095; x_wconf 82' lang='lat' dir='ltr'><strong>sermonis</strong></span> <span class='ocrx_word' id='word_1_139' title='bbox 920 1056 1167 1107; x_wconf 71' lang='lat' dir='ltr'><strong>proprietate</strong></span> <span class='ocrx_word' id='word_1_140' title='bbox 1198 1056 1440 1094; x_wconf 82' lang='lat' dir='ltr'><strong>vindicatur.</strong></span> <span class='ocrx_word' id='word_1_141' title='bbox 1498 1056 1562 1094; x_wconf 83' lang='lat' dir='ltr'><strong>Ita</strong></span> <span class='ocrx_word' id='word_1_142' title='bbox 1594 1070 1684 1094; x_wconf 70' lang='lat' dir='ltr'><strong>eum</strong></span> <span class='ocrx_word' id='word_1_143' title='bbox 1716 1056 1813 1096; x_wconf 85' lang='lat' dir='ltr'><strong>satis</strong></span> <span class='ocrx_word' id='word_1_144' title='bbox 1843 1057 2003 1095; x_wconf 90' lang='lat' dir='ltr'><strong>firmare</strong></span> <span class='ocrx_word' id='word_1_145' title='bbox 2037 1057 2159 1095; x_wconf 84' lang='lat' dir='ltr'><strong>liceat</strong></span> <span class='ocrx_word' id='word_1_146' title='bbox 2189 1056 2274 1094; x_wconf 91' lang='lat' dir='ltr'><strong>En-</strong></span> 
     </span>
     <span class='ocr_line' id='line_1_13' title="bbox 310 1126 2273 1179; baseline 0.001 -15"><span class='ocrx_word' id='word_1_147' title='bbox 310 1126 420 1165; x_wconf 90' lang='lat' dir='ltr'><strong>niani</strong></span> <span class='ocrx_word' id='word_1_148' title='bbox 450 1140 592 1166; x_wconf 78' lang='lat' dir='ltr'><strong>versus</strong></span> <span class='ocrx_word' id='word_1_149' title='bbox 622 1127 791 1166; x_wconf 87' lang='lat' dir='ltr'><strong>formam</strong></span> <span class='ocrx_word' id='word_1_150' title='bbox 822 1142 846 1166; x_wconf 91' lang='lat' dir='ltr'><strong>a</strong></span> <span class='ocrx_word' id='word_1_151' title='bbox 877 1127 1010 1167; x_wconf 83' lang='lat' dir='ltr'><strong>Gellio</strong></span> <span class='ocrx_word' id='word_1_152' title='bbox 1047 1127 1312 1179; x_wconf 87' lang='lat' dir='ltr'><strong>perhibitam,</strong></span> <span class='ocrx_word' id='word_1_153' title='bbox 1349 1133 1532 1167; x_wconf 88' lang='lat' dir='ltr'><strong>tenemus</strong></span> <span class='ocrx_word' id='word_1_154' title='bbox 1569 1127 1670 1176; x_wconf 88' lang='lat' dir='ltr'><strong>hoc,</strong></span> <span class='ocrx_word' id='word_1_155' title='bbox 1712 1126 1951 1167; x_wconf 85' lang='lat' dir='ltr'><strong>Ciceronem</strong></span> <span class='ocrx_word' id='word_1_156' title='bbox 1989 1142 2080 1167; x_wconf 88' lang='lat' dir='ltr'><strong>cum</strong></span> <span class='ocrx_word' id='word_1_157' title='bbox 2115 1127 2185 1166; x_wconf 91' lang='lat' dir='ltr'><strong>illa</strong></span> <span class='ocrx_word' id='word_1_158' title='bbox 2214 1127 2273 1165; x_wconf 89' lang='lat' dir='ltr'><strong>af-</strong></span> 
     </span>
     <span class='ocr_line' id='line_1_14' title="bbox 308 1197 2272 1251; baseline 0.001 -16"><span class='ocrx_word' id='word_1_159' title='bbox 308 1197 451 1248; x_wconf 77' lang='lat' dir='ltr'><strong>ferret,</strong></span> <span class='ocrx_word' id='word_1_160' title='bbox 489 1198 649 1238; x_wconf 86' lang='lat' dir='ltr'><strong>omissis</strong></span> <span class='ocrx_word' id='word_1_161' title='bbox 679 1199 766 1239; x_wconf 88' lang='lat' dir='ltr'><strong>aliis</strong></span> <span class='ocrx_word' id='word_1_162' title='bbox 796 1204 953 1238; x_wconf 81' lang='lat' dir='ltr'><strong>tantum</strong></span> <span class='ocrx_word' id='word_1_163' title='bbox 983 1200 1168 1251; x_wconf 86' lang='lat' dir='ltr'><strong>posuisse</strong></span> <span class='ocrx_word' id='word_1_164' title='bbox 1200 1204 1395 1251; x_wconf 90' lang='lat' dir='ltr'><strong>quantum</strong></span> <span class='ocrx_word' id='word_1_165' title='bbox 1426 1213 1518 1238; x_wconf 92' lang='lat' dir='ltr'><strong>cum</strong></span> <span class='ocrx_word' id='word_1_166' title='bbox 1548 1213 1622 1238; x_wconf 85' lang='lat' dir='ltr'><strong>suo</strong></span> <span class='ocrx_word' id='word_1_167' title='bbox 1652 1204 1760 1239; x_wconf 86' lang='lat' dir='ltr'><strong>esset</strong></span> <span class='ocrx_word' id='word_1_168' title='bbox 1790 1199 1960 1238; x_wconf 90' lang='lat' dir='ltr'><strong>consilio</strong></span> <span class='ocrx_word' id='word_1_169' title='bbox 1991 1199 2272 1238; x_wconf 89' lang='lat' dir='ltr'><strong>coniunctum:</strong></span> 
     </span>
     <span class='ocr_line' id='line_1_15' title="bbox 310 1269 2272 1324; baseline 0.001 -16"><span class='ocrx_word' id='word_1_170' title='bbox 310 1283 401 1307; x_wconf 88' lang='lat' dir='ltr'><strong>cum</strong></span> <span class='ocrx_word' id='word_1_171' title='bbox 438 1270 678 1322; x_wconf 88' lang='lat' dir='ltr'><strong>praesertim</strong></span> <span class='ocrx_word' id='word_1_172' title='bbox 717 1271 781 1309; x_wconf 89' lang='lat' dir='ltr'><strong>cui</strong></span> <span class='ocrx_word' id='word_1_173' title='bbox 817 1270 1007 1309; x_wconf 90' lang='lat' dir='ltr'><strong>hariolari</strong></span> <span class='ocrx_word' id='word_1_174' title='bbox 1045 1270 1170 1310; x_wconf 81' lang='lat' dir='ltr'><strong>libeat</strong></span> <span class='ocrx_word' id='word_1_175' title='bbox 1208 1286 1288 1310; x_wconf 89' lang='lat' dir='ltr'><strong>non</strong></span> <span class='ocrx_word' id='word_1_176' title='bbox 1327 1271 1384 1310; x_wconf 88' lang='lat' dir='ltr'><strong>ita</strong></span> <span class='ocrx_word' id='word_1_177' title='bbox 1413 1270 1577 1310; x_wconf 79' lang='lat' dir='ltr'><strong>difficile</strong></span> <span class='ocrx_word' id='word_1_178' title='bbox 1609 1270 1814 1324; x_wconf 78' lang='lat' dir='ltr'><strong>excogitet</strong></span> <span class='ocrx_word' id='word_1_179' title='bbox 1843 1285 1923 1323; x_wconf 88' lang='lat' dir='ltr'><strong>quo</strong></span> <span class='ocrx_word' id='word_1_180' title='bbox 1955 1269 2064 1322; x_wconf 86' lang='lat' dir='ltr'><strong>apud</strong></span> <span class='ocrx_word' id='word_1_181' title='bbox 2094 1270 2272 1310; x_wconf 86' lang='lat' dir='ltr'><strong>Ennium</strong></span> 
     </span>
     <span class='ocr_line' id='line_1_16' title="bbox 309 1339 1091 1394; baseline 0.003 -16"><span class='ocrx_word' id='word_1_182' title='bbox 309 1339 568 1380; x_wconf 84' lang='lat' dir='ltr'><strong>interstitium</strong></span> <span class='ocrx_word' id='word_1_183' title='bbox 598 1340 698 1380; x_wconf 92' lang='lat' dir='ltr'><strong>illud</strong></span> <span class='ocrx_word' id='word_1_184' title='bbox 728 1342 932 1394; x_wconf 86' lang='lat' dir='ltr'><strong>expletum</strong></span> <span class='ocrx_word' id='word_1_185' title='bbox 961 1342 1091 1381; x_wconf 85' lang='lat' dir='ltr'><strong>fuerit.</strong></span> 
     </span>
     <span class='ocr_line' id='line_1_17' title="bbox 499 1412 2272 1467; baseline 0.001 -15"><span class='ocrx_word' id='word_1_186' title='bbox 499 1414 595 1453; x_wconf 89' lang='lat' dir='ltr'><strong>Non</strong></span> <span class='ocrx_word' id='word_1_187' title='bbox 625 1413 875 1453; x_wconf 88' lang='lat' dir='ltr'><strong>dissimiliter</strong></span> <span class='ocrx_word' id='word_1_188' title='bbox 905 1419 1079 1453; x_wconf 86' lang='lat' dir='ltr'><strong>erratum</strong></span> <span class='ocrx_word' id='word_1_189' title='bbox 1110 1420 1171 1454; x_wconf 88' lang='lat' dir='ltr'><strong>est</strong></span> <span class='ocrx_word' id='word_1_190' title='bbox 1200 1415 1239 1453; x_wconf 92' lang='lat' dir='ltr'><strong>in</strong></span> <span class='ocrx_word' id='word_1_191' title='bbox 1269 1415 1319 1454; x_wconf 90' lang='lat' dir='ltr'><strong>iis</strong></span> <span class='ocrx_word' id='word_1_192' title='bbox 1346 1429 1449 1466; x_wconf 89' lang='lat' dir='ltr'><strong>quae</strong></span> <span class='ocrx_word' id='word_1_193' title='bbox 1480 1429 1527 1453; x_wconf 88' lang='lat' dir='ltr'><strong>ex</strong></span> <span class='ocrx_word' id='word_1_194' title='bbox 1554 1415 1723 1454; x_wconf 89' lang='lat' dir='ltr'><strong>Pacuvii</strong></span> <span class='ocrx_word' id='word_1_195' title='bbox 1752 1414 1962 1467; x_wconf 79' lang='lat' dir='ltr'><strong>tragoedia</strong></span> <span class='ocrx_word' id='word_1_196' title='bbox 1991 1420 2182 1467; x_wconf 82' lang='lat' dir='ltr'><strong>excerpta</strong></span> <span class='ocrx_word' id='word_1_197' title='bbox 2203 1412 2272 1454; x_wconf 86' lang='lat' dir='ltr'><strong>Ci-</strong></span> 
     </span>
     <span class='ocr_line' id='line_1_18' title="bbox 311 1484 2271 1539; baseline 0.001 -18"><span class='ocrx_word' id='word_1_198' title='bbox 311 1498 403 1522; x_wconf 67' lang='lat' dir='ltr'><strong>cero</strong></span> <span class='ocrx_word' id='word_1_199' title='bbox 435 1484 599 1537; x_wconf 78' lang='lat' dir='ltr'><strong>scripsit</strong></span> <span class='ocrx_word' id='word_1_200' title='bbox 627 1485 668 1523; x_wconf 88' lang='lat' dir='ltr'><strong>in</strong></span> <span class='ocrx_word' id='word_1_201' title='bbox 698 1485 819 1525; x_wconf 87' lang='lat' dir='ltr'><strong>Tusc.</strong></span> <span class='ocrx_word' id='word_1_202' title='bbox 843 1485 946 1538; x_wconf 88' lang='lat' dir='ltr'><strong>disp.</strong></span> <span class='ocrx_word' id='word_1_203' title='bbox 975 1487 1010 1535; x_wconf 92' lang='grc'><strong>1,</strong></span> <span class='ocrx_word' id='word_1_204' title='bbox 1032 1486 1098 1535; x_wconf 85' lang='grc'><strong>44,</strong></span> <span class='ocrx_word' id='word_1_205' title='bbox 1122 1486 1200 1524; x_wconf 78' lang='grc'><strong>106</strong></span> <span class='ocrx_word' id='word_1_206' title='bbox 1231 1486 1329 1525; x_wconf 86' lang='lat' dir='ltr'><strong>Ecce</strong></span> <span class='ocrx_word' id='word_1_207' title='bbox 1357 1487 1462 1525; x_wconf 68' lang='lat' dir='ltr'><strong>alius</strong></span> <span class='ocrx_word' id='word_1_208' title='bbox 1492 1487 1666 1525; x_wconf 70' lang='lat' dir='ltr'><strong>exoritur</strong></span> <span class='ocrx_word' id='word_1_209' title='bbox 1695 1500 1714 1523; x_wconf 87' lang='lat' dir='ltr'><strong>e</strong></span> <span class='ocrx_word' id='word_1_210' title='bbox 1745 1492 1848 1525; x_wconf 74' lang='lat' dir='ltr'><strong>terra</strong></span> <span class='ocrx_word' id='word_1_211' title='bbox 1883 1487 1954 1539; x_wconf 68' lang='lat' dir='ltr'><strong>qui</strong></span> <span class='ocrx_word' id='word_1_212' title='bbox 1988 1493 2150 1525; x_wconf 71' lang='lat' dir='ltr'><strong>matrem</strong></span> <span class='ocrx_word' id='word_1_213' title='bbox 2180 1486 2271 1523; x_wconf 82' lang='lat' dir='ltr'><strong>dm·-</strong></span> 
     </span>
     <span class='ocr_line' id='line_1_19' title="bbox 310 1556 659 1595; baseline 0.009 -3"><span class='ocrx_word' id='word_1_214' title='bbox 310 1556 407 1593; x_wconf 70' lang='lat' dir='ltr'><strong>om‘re</strong></span> <span class='ocrx_word' id='word_1_215' title='bbox 436 1569 515 1594; x_wconf 77' lang='lat' dir='ltr'><strong>uon</strong></span> <span class='ocrx_word' id='word_1_216' title='bbox 543 1557 659 1595; x_wconf 69' lang='lat' dir='ltr'><strong>sinat.</strong></span> 
     </span>
     <span class='ocr_line' id='line_1_20' title="bbox 614 1628 1970 1681; baseline 0.001 -16"><span class='ocrx_word' id='word_1_217' title='bbox 614 1629 630 1665; x_wconf 92' lang='lat'>1</span> <span class='ocrx_word' id='word_1_218' title='bbox 692 1628 835 1677; x_wconf 52' lang='lat' dir='ltr'><strong>Alete),</strong></span> <span class='ocrx_word' id='word_1_219' title='bbox 868 1635 900 1667; x_wconf 75' lang='lat' dir='ltr'><strong>te</strong></span> <span class='ocrx_word' id='word_1_220' title='bbox 929 1630 1092 1681; x_wconf 81' lang='lat' dir='ltr'><strong>appello,</strong></span> <span class='ocrx_word' id='word_1_221' title='bbox 1127 1635 1166 1667; x_wconf 79' lang='lat' dir='ltr'><strong>tu</strong></span> <span class='ocrx_word' id='word_1_222' title='bbox 1196 1642 1297 1681; x_wconf 80' lang='lat' dir='ltr'><strong>quae</strong></span> <span class='ocrx_word' id='word_1_223' title='bbox 1325 1642 1463 1667; x_wconf 77' lang='lat' dir='ltr'><strong>curam</strong></span> <span class='ocrx_word' id='word_1_224' title='bbox 1492 1642 1623 1667; x_wconf 78' lang='lat' dir='ltr'><strong>somno</strong></span> <span class='ocrx_word' id='word_1_225' title='bbox 1653 1642 1837 1680; x_wconf 71' lang='lat' dir='ltr'><strong>suspenso</strong></span> <span class='ocrx_word' id='word_1_226' title='bbox 1868 1629 1970 1667; x_wconf 73' lang='lat' dir='ltr'><strong>lez-(18</strong></span> 
     </span>
     <span class='ocr_line' id='line_1_21' title="bbox 690 1699 1714 1753; baseline -0.001 -14"><span class='ocrx_word' id='word_1_227' title='bbox 690 1699 828 1753; x_wconf 83' lang='lat' dir='ltr'><strong>Neque</strong></span> <span class='ocrx_word' id='word_1_228' title='bbox 858 1707 890 1739; x_wconf 79' lang='lat' dir='ltr'><strong>te</strong></span> <span class='ocrx_word' id='word_1_229' title='bbox 918 1701 993 1739; x_wconf 79' lang='lat' dir='ltr'><strong>mei</strong></span> <span class='ocrx_word' id='word_1_230' title='bbox 1020 1702 1182 1749; x_wconf 76' lang='lat' dir='ltr'><strong>miseret,</strong></span> <span class='ocrx_word' id='word_1_231' title='bbox 1213 1714 1325 1753; x_wconf 69' lang='lat' dir='ltr'><strong>surye</strong></span> <span class='ocrx_word' id='word_1_232' title='bbox 1354 1707 1390 1739; x_wconf 75' lang='lat' dir='ltr'><strong>et</strong></span> <span class='ocrx_word' id='word_1_233' title='bbox 1416 1701 1536 1753; x_wconf 70' lang='lat' dir='ltr'><strong>sepeli</strong></span> <span class='ocrx_word' id='word_1_234' title='bbox 1564 1707 1714 1739; x_wconf 78' lang='lat' dir='ltr'><strong>natum.</strong></span> 
     </span>
     <span class='ocr_line' id='line_1_22' title="bbox 311 1769 2271 1825; baseline 0.001 -17"><span class='ocrx_word' id='word_1_235' title='bbox 311 1769 402 1809; x_wconf 69' lang='lat' dir='ltr'><strong>leaeo</strong></span> <span class='ocrx_word' id='word_1_236' title='bbox 432 1785 518 1809; x_wconf 84' lang='lat' dir='ltr'><strong>eum</strong></span> <span class='ocrx_word' id='word_1_237' title='bbox 541 1772 689 1824; x_wconf 71' lang='lat' dir='ltr'><strong>pressis</strong></span> <span class='ocrx_word' id='word_1_238' title='bbox 718 1779 754 1811; x_wconf 76' lang='lat' dir='ltr'><strong>et</strong></span> <span class='ocrx_word' id='word_1_239' title='bbox 772 1771 971 1824; x_wconf 73' lang='lat' dir='ltr'><strong>flebilibus</strong></span> <span class='ocrx_word' id='word_1_240' title='bbox 1000 1773 1135 1822; x_wconf 70' lang='lat' dir='ltr'><strong>modis,</strong></span> <span class='ocrx_word' id='word_1_241' title='bbox 1171 1774 1241 1825; x_wconf 77' lang='lat' dir='ltr'><strong>qui</strong></span> <span class='ocrx_word' id='word_1_242' title='bbox 1270 1774 1356 1812; x_wconf 76' lang='lat' dir='ltr'><strong>totis</strong></span> <span class='ocrx_word' id='word_1_243' title='bbox 1387 1773 1544 1812; x_wconf 74' lang='lat' dir='ltr'><strong>theatris</strong></span> <span class='ocrx_word' id='word_1_244' title='bbox 1573 1774 1808 1811; x_wconf 58' lang='lat' dir='ltr'><strong>‘maestitiam</strong></span> <span class='ocrx_word' id='word_1_245' title='bbox 1839 1770 2025 1821; x_wconf 72' lang='lat' dir='ltr'><strong>inferant,</strong></span> <span class='ocrx_word' id='word_1_246' title='bbox 2057 1773 2271 1810; x_wconf 68' lang='lat' dir='ltr'><strong>concinun-</strong></span> 
     </span>
     <span class='ocr_line' id='line_1_23' title="bbox 314 1841 1693 1896; baseline 0.003 -17"><span class='ocrx_word' id='word_1_247' title='bbox 314 1849 390 1890; x_wconf 78' lang='lat' dir='ltr'><strong>tur,</strong></span> <span class='ocrx_word' id='word_1_248' title='bbox 422 1841 580 1891; x_wconf 55' lang='grc' dir='ltr'><strong>ᾱξῇῐείῖῡ</strong></span> <span class='ocrx_word' id='word_1_249' title='bbox 609 1850 663 1881; x_wconf 73' lang='lat' dir='ltr'><strong>est</strong></span> <span class='ocrx_word' id='word_1_250' title='bbox 692 1857 770 1882; x_wconf 78' lang='lat' dir='ltr'><strong>uon</strong></span> <span class='ocrx_word' id='word_1_251' title='bbox 800 1857 860 1882; x_wconf 69' lang='lat' dir='ltr'><strong>eos</strong></span> <span class='ocrx_word' id='word_1_252' title='bbox 890 1845 961 1896; x_wconf 79' lang='lat' dir='ltr'><strong>qui</strong></span> <span class='ocrx_word' id='word_1_253' title='bbox 987 1845 1186 1882; x_wconf 73' lang='lat' dir='ltr'><strong>inhumati</strong></span> <span class='ocrx_word' id='word_1_254' title='bbox 1212 1846 1292 1883; x_wconf 76' lang='lat' dir='ltr'><strong>sint</strong></span> <span class='ocrx_word' id='word_1_255' title='bbox 1319 1846 1476 1883; x_wconf 68' lang='lat' dir='ltr'><strong>miseros</strong></span> <span class='ocrx_word' id='word_1_256' title='bbox 1503 1845 1693 1883; x_wconf 78' lang='lat' dir='ltr'><strong>iudicare.</strong></span> 
     </span>
     <span class='ocr_line' id='line_1_24' title="bbox 611 1906 1556 1969; baseline 0.001 -15"><span class='ocrx_word' id='word_1_257' title='bbox 611 1916 634 1954; x_wconf 84' lang='lat'>3</span> <span class='ocrx_word' id='word_1_258' title='bbox 882 1917 1001 1968; x_wconf 71' lang='lat' dir='ltr'><strong>prius</strong></span> <span class='ocrx_word' id='word_1_259' title='bbox 1029 1931 1150 1969; x_wconf 77' lang='lat' dir='ltr'><strong>quam</strong></span> <span class='ocrx_word' id='word_1_260' title='bbox 1169 1915 1284 1966; x_wconf 76' lang='lat' dir='ltr'><strong>ferae</strong></span> <span class='ocrx_word' id='word_1_261' title='bbox 1312 1906 1556 1968; x_wconf 68' lang='lat' dir='ltr'><strong>volucresque</strong></span> 
     </span>
     <span class='ocr_line' id='line_1_25' title="bbox 311 1987 2076 2039; baseline 0.001 -15"><span class='ocrx_word' id='word_1_262' title='bbox 311 1987 446 2025; x_wconf 69' lang='lat' dir='ltr'><strong>metuit</strong></span> <span class='ocrx_word' id='word_1_263' title='bbox 474 2000 519 2026; x_wconf 78' lang='lat' dir='ltr'><strong>ue</strong></span> <span class='ocrx_word' id='word_1_264' title='bbox 550 1987 731 2028; x_wconf 70' lang='lat' dir='ltr'><strong>laceratis</strong></span> <span class='ocrx_word' id='word_1_265' title='bbox 760 1988 938 2028; x_wconf 74' lang='lat' dir='ltr'><strong>membris</strong></span> <span class='ocrx_word' id='word_1_266' title='bbox 966 1989 1096 2028; x_wconf 74' lang='lat' dir='ltr'><strong>minus</strong></span> <span class='ocrx_word' id='word_1_267' title='bbox 1126 1989 1214 2028; x_wconf 86' lang='lat' dir='ltr'><strong>bene</strong></span> <span class='ocrx_word' id='word_1_268' title='bbox 1243 1995 1392 2039; x_wconf 74' lang='lat' dir='ltr'><strong>utatur,</strong></span> <span class='ocrx_word' id='word_1_269' title='bbox 1430 2002 1475 2028; x_wconf 83' lang='lat' dir='ltr'><strong>ne</strong></span> <span class='ocrx_word' id='word_1_270' title='bbox 1503 1988 1718 2037; x_wconf 72' lang='lat' dir='ltr'><strong>combustis,</strong></span> <span class='ocrx_word' id='word_1_271' title='bbox 1750 2001 1828 2027; x_wconf 79' lang='lat' dir='ltr'><strong>uon</strong></span> <span class='ocrx_word' id='word_1_272' title='bbox 1858 1987 2076 2027; x_wconf 70' lang='lat' dir='ltr'><strong>ertimescit.</strong></span> 
     </span>
     <span class='ocr_line' id='line_1_26' title="bbox 612 2059 1718 2112; baseline 0.001 -15"><span class='ocrx_word' id='word_1_273' title='bbox 612 2060 637 2097; x_wconf 88' lang='lat'>4</span> <span class='ocrx_word' id='word_1_274' title='bbox 695 2059 786 2098; x_wconf 86' lang='lat' dir='ltr'><strong>Neu</strong></span> <span class='ocrx_word' id='word_1_275' title='bbox 815 2061 1005 2112; x_wconf 68' lang='lat' dir='ltr'><strong>reliquias</strong></span> <span class='ocrx_word' id='word_1_276' title='bbox 1024 2059 1202 2110; x_wconf 72' lang='lat' dir='ltr'><strong>sem-cassi</strong></span> <span class='ocrx_word' id='word_1_277' title='bbox 1232 2059 1315 2110; x_wconf 82' lang='lat' dir='ltr'><strong>rezs</strong></span> <span class='ocrx_word' id='word_1_278' title='bbox 1335 2061 1544 2099; x_wconf 70' lang='lat' dir='ltr'><strong>denudatis</strong></span> <span class='ocrx_word' id='word_1_279' title='bbox 1572 2060 1718 2098; x_wconf 68' lang='lat' dir='ltr'><strong>ossibus</strong></span> 
     </span>
     <span class='ocr_line' id='line_1_27' title="bbox 689 2131 1696 2180; baseline -0.001 -12"><span class='ocrx_word' id='word_1_280' title='bbox 689 2131 771 2168; x_wconf 72' lang='lat' dir='ltr'><strong>Per</strong></span> <span class='ocrx_word' id='word_1_281' title='bbox 801 2138 943 2169; x_wconf 73' lang='lat' dir='ltr'><strong>terram</strong></span> <span class='ocrx_word' id='word_1_282' title='bbox 972 2133 1080 2170; x_wconf 70' lang='lat' dir='ltr'><strong>sanie</strong></span> <span class='ocrx_word' id='word_1_283' title='bbox 1109 2132 1298 2169; x_wconf 62' lang='lat' dir='ltr'><strong>delibutas</strong></span> <span class='ocrx_word' id='word_1_284' title='bbox 1322 2132 1439 2180; x_wconf 74' lang='lat' dir='ltr'><strong>foede</strong></span> <span class='ocrx_word' id='word_1_285' title='bbox 1467 2132 1696 2169; x_wconf 66' lang='lat' dir='ltr'><strong>(liverare&#39;er.</strong></span> 
     </span>
     <span class='ocr_line' id='line_1_28' title="bbox 311 2199 2266 2254; baseline 0 -17"><span class='ocrx_word' id='word_1_286' title='bbox 311 2213 389 2237; x_wconf 77' lang='lat' dir='ltr'><strong>uon</strong></span> <span class='ocrx_word' id='word_1_287' title='bbox 425 2202 595 2252; x_wconf 47' lang='lat' dir='ltr'><strong>intelli-qo</strong></span> <span class='ocrx_word' id='word_1_288' title='bbox 631 2203 730 2253; x_wconf 76' lang='lat' dir='ltr'><strong>quid</strong></span> <span class='ocrx_word' id='word_1_289' title='bbox 757 2210 922 2250; x_wconf 76' lang='lat' dir='ltr'><strong>metuat,</strong></span> <span class='ocrx_word' id='word_1_290' title='bbox 958 2217 1046 2241; x_wconf 75' lang='lat' dir='ltr'><strong>cum,</strong></span> <span class='ocrx_word' id='word_1_291' title='bbox 1083 2210 1160 2241; x_wconf 77' lang='lat' dir='ltr'><strong>tam</strong></span> <span class='ocrx_word' id='word_1_292' title='bbox 1198 2204 1310 2241; x_wconf 53' lang='lat' dir='ltr'><strong>honos¹</strong></span> <span class='ocrx_word' id='word_1_293' title='bbox 1346 2204 1580 2254; x_wconf 70' lang='lat' dir='ltr'><strong>septenarios</strong></span> <span class='ocrx_word' id='word_1_294' title='bbox 1608 2202 1763 2250; x_wconf 79' lang='lat' dir='ltr'><strong>ficudat</strong></span> <span class='ocrx_word' id='word_1_295' title='bbox 1797 2202 1852 2239; x_wconf 81' lang='lat' dir='ltr'><strong>ad</strong></span> <span class='ocrx_word' id='word_1_296' title='bbox 1891 2201 2033 2239; x_wconf 72' lang='lat' dir='ltr'><strong>tibiam.</strong></span> <span class='ocrx_word' id='word_1_297' title='bbox 2093 2199 2266 2238; x_wconf 86' lang='lat' dir='ltr'><strong>Ilionam</strong></span> 
     </span>
     <span class='ocr_line' id='line_1_29' title="bbox 311 2270 2265 2326; baseline -0.001 -16"><span class='ocrx_word' id='word_1_298' title='bbox 311 2271 479 2310; x_wconf 85' lang='lat' dir='ltr'><strong>Pacuvii</strong></span> <span class='ocrx_word' id='word_1_299' title='bbox 518 2286 606 2312; x_wconf 88' lang='lat' dir='ltr'><strong>esse</strong></span> <span class='ocrx_word' id='word_1_300' title='bbox 644 2278 685 2312; x_wconf 87' lang='lat' dir='ltr'><strong>et</strong></span> <span class='ocrx_word' id='word_1_301' title='bbox 720 2273 902 2326; x_wconf 89' lang='lat' dir='ltr'><strong>Deiphili</strong></span> <span class='ocrx_word' id='word_1_302' title='bbox 940 2274 1049 2325; x_wconf 80' lang='lat' dir='ltr'><strong>(sive</strong></span> <span class='ocrx_word' id='word_1_303' title='bbox 1089 2274 1306 2326; x_wconf 72' lang='lat' dir='ltr'><strong>Polydori)</strong></span> <span class='ocrx_word' id='word_1_304' title='bbox 1352 2274 1533 2314; x_wconf 82' lang='lat' dir='ltr'><strong>umbram</strong></span> <span class='ocrx_word' id='word_1_305' title='bbox 1571 2274 1670 2312; x_wconf 74' lang='lat' dir='ltr'><strong>haee</strong></span> <span class='ocrx_word' id='word_1_306' title='bbox 1711 2287 1852 2312; x_wconf 86' lang='lat' dir='ltr'><strong>canere</strong></span> <span class='ocrx_word' id='word_1_307' title='bbox 1890 2270 2050 2310; x_wconf 88' lang='lat' dir='ltr'><strong>aliunde</strong></span> <span class='ocrx_word' id='word_1_308' title='bbox 2091 2275 2265 2309; x_wconf 81' lang='lat' dir='ltr'><strong>constat.</strong></span> 
     </span>
     <span class='ocr_line' id='line_1_30' title="bbox 313 2342 2267 2397; baseline 0 -16"><span class='ocrx_word' id='word_1_309' title='bbox 313 2342 486 2382; x_wconf 77' lang='lat' dir='ltr'><strong>Versum</strong></span> <span class='ocrx_word' id='word_1_310' title='bbox 515 2345 688 2396; x_wconf 88' lang='lat' dir='ltr'><strong>primum</strong></span> <span class='ocrx_word' id='word_1_311' title='bbox 719 2345 839 2384; x_wconf 84' lang='lat' dir='ltr'><strong>etiam</strong></span> <span class='ocrx_word' id='word_1_312' title='bbox 859 2346 1088 2397; x_wconf 72' lang='lat' dir='ltr'><strong>Porphyrio</strong></span> <span class='ocrx_word' id='word_1_313' title='bbox 1115 2345 1166 2384; x_wconf 85' lang='lat' dir='ltr'><strong>ad</strong></span> <span class='ocrx_word' id='word_1_314' title='bbox 1185 2345 1345 2384; x_wconf 82' lang='lat' dir='ltr'><strong>Horatii</strong></span> <span class='ocrx_word' id='word_1_315' title='bbox 1377 2351 1450 2384; x_wconf 83' lang='lat' dir='ltr'><strong>sat.</strong></span> <span class='ocrx_word' id='word_1_316' title='bbox 1474 2347 1512 2395; x_wconf 94' lang='grc'><strong>2,</strong></span> <span class='ocrx_word' id='word_1_317' title='bbox 1534 2347 1572 2394; x_wconf 88' lang='grc'><strong>3,</strong></span> <span class='ocrx_word' id='word_1_318' title='bbox 1595 2347 1647 2384; x_wconf 87' lang='grc'><strong>60</strong></span> <span class='ocrx_word' id='word_1_319' title='bbox 1678 2343 1884 2392; x_wconf 81' lang='lat' dir='ltr'><strong>adscribit,</strong></span> <span class='ocrx_word' id='word_1_320' title='bbox 1914 2343 1970 2382; x_wconf 80' lang='lat' dir='ltr'><strong>ita</strong></span> <span class='ocrx_word' id='word_1_321' title='bbox 1999 2349 2044 2381; x_wconf 92' lang='lat' dir='ltr'><strong>ut</strong></span> <span class='ocrx_word' id='word_1_322' title='bbox 2072 2356 2154 2381; x_wconf 89' lang='lat' dir='ltr'><strong>non</strong></span> <span class='ocrx_word' id='word_1_323' title='bbox 2184 2357 2267 2381; x_wconf 73' lang='lat' dir='ltr'><strong>sus-</strong></span> 
     </span>
     <span class='ocr_line' id='line_1_31' title="bbox 305 2414 2267 2470; baseline -0.001 -16"><span class='ocrx_word' id='word_1_324' title='bbox 305 2429 424 2468; x_wconf 75' lang='lat' dir='ltr'><strong>penso</strong></span> <span class='ocrx_word' id='word_1_325' title='bbox 455 2416 566 2468; x_wconf 87' lang='lat' dir='ltr'><strong>quod</strong></span> <span class='ocrx_word' id='word_1_326' title='bbox 595 2422 658 2457; x_wconf 89' lang='lat' dir='ltr'><strong>est</strong></span> <span class='ocrx_word' id='word_1_327' title='bbox 687 2418 727 2455; x_wconf 91' lang='lat' dir='ltr'><strong>in</strong></span> <span class='ocrx_word' id='word_1_328' title='bbox 751 2417 960 2456; x_wconf 84' lang='lat' dir='ltr'><strong>Ciceronis</strong></span> <span class='ocrx_word' id='word_1_329' title='bbox 990 2417 1103 2456; x_wconf 91' lang='lat' dir='ltr'><strong>libris</strong></span> <span class='ocrx_word' id='word_1_330' title='bbox 1133 2418 1251 2456; x_wconf 90' lang='lat' dir='ltr'><strong>bonis</strong></span> <span class='ocrx_word' id='word_1_331' title='bbox 1283 2417 1353 2456; x_wconf 84' lang='lat' dir='ltr'><strong>sed</strong></span> <span class='ocrx_word' id='word_1_332' title='bbox 1382 2432 1608 2470; x_wconf 63' lang='lat' dir='ltr'><strong>suspensam</strong></span> <span class='ocrx_word' id='word_1_333' title='bbox 1640 2415 1794 2463; x_wconf 82' lang='lat' dir='ltr'><strong>tradat3</strong></span> <span class='ocrx_word' id='word_1_334' title='bbox 1827 2420 1866 2453; x_wconf 89' lang='lat' dir='ltr'><strong>et</strong></span> <span class='ocrx_word' id='word_1_335' title='bbox 1896 2414 1976 2453; x_wconf 90' lang='lat' dir='ltr'><strong>hoc</strong></span> <span class='ocrx_word' id='word_1_336' title='bbox 2006 2429 2096 2454; x_wconf 88' lang='lat' dir='ltr'><strong>esse</strong></span> <span class='ocrx_word' id='word_1_337' title='bbox 2128 2429 2267 2453; x_wconf 74' lang='lat' dir='ltr'><strong>verum</strong></span> 
     </span>
     <span class='ocr_line' id='line_1_32' title="bbox 308 2486 2269 2541; baseline -0.001 -15"><span class='ocrx_word' id='word_1_338' title='bbox 308 2492 514 2540; x_wconf 87' lang='lat' dir='ltr'><strong>putamus,</strong></span> <span class='ocrx_word' id='word_1_339' title='bbox 544 2503 626 2528; x_wconf 89' lang='lat' dir='ltr'><strong>non</strong></span> <span class='ocrx_word' id='word_1_340' title='bbox 657 2488 768 2541; x_wconf 88' lang='lat' dir='ltr'><strong>quod</strong></span> <span class='ocrx_word' id='word_1_341' title='bbox 797 2504 877 2528; x_wconf 90' lang='lat' dir='ltr'><strong>non</strong></span> <span class='ocrx_word' id='word_1_342' title='bbox 908 2503 1072 2527; x_wconf 88' lang='lat' dir='ltr'><strong>somnus</strong></span> <span class='ocrx_word' id='word_1_343' title='bbox 1104 2502 1326 2540; x_wconf 89' lang='lat' dir='ltr'><strong>suspensus</strong></span> <span class='ocrx_word' id='word_1_344' title='bbox 1356 2487 1395 2526; x_wconf 89' lang='lat' dir='ltr'><strong>h.</strong></span> <span class='ocrx_word' id='word_1_345' title='bbox 1414 2503 1445 2526; x_wconf 88' lang='lat' dir='ltr'><strong>e.</strong></span> <span class='ocrx_word' id='word_1_346' title='bbox 1468 2488 1648 2527; x_wconf 88' lang='lat' dir='ltr'><strong>incertus</strong></span> <span class='ocrx_word' id='word_1_347' title='bbox 1670 2493 1710 2526; x_wconf 91' lang='lat' dir='ltr'><strong>et</strong></span> <span class='ocrx_word' id='word_1_348' title='bbox 1731 2487 1874 2526; x_wconf 79' lang='lat' dir='ltr'><strong>anxius</strong></span> <span class='ocrx_word' id='word_1_349' title='bbox 1896 2491 2006 2525; x_wconf 84' lang='lat' dir='ltr'><strong>reete</strong></span> <span class='ocrx_word' id='word_1_350' title='bbox 2028 2486 2269 2538; x_wconf 87' lang='lat' dir='ltr'><strong>appelletur,</strong></span> 
     </span>
     <span class='ocr_line' id='line_1_33' title="bbox 310 2558 2267 2611; baseline 0 -14"><span class='ocrx_word' id='word_1_351' title='bbox 310 2558 383 2598; x_wconf 85' lang='lat' dir='ltr'><strong>sed</strong></span> <span class='ocrx_word' id='word_1_352' title='bbox 413 2560 508 2611; x_wconf 87' lang='lat' dir='ltr'><strong>quia</strong></span> <span class='ocrx_word' id='word_1_353' title='bbox 536 2560 614 2599; x_wconf 89' lang='lat' dir='ltr'><strong>hoc</strong></span> <span class='ocrx_word' id='word_1_354' title='bbox 645 2561 694 2600; x_wconf 87' lang='lat' dir='ltr'><strong>ab</strong></span> <span class='ocrx_word' id='word_1_355' title='bbox 724 2561 844 2599; x_wconf 91' lang='lat' dir='ltr'><strong>huius</strong></span> <span class='ocrx_word' id='word_1_356' title='bbox 874 2561 952 2598; x_wconf 93' lang='lat' dir='ltr'><strong>loci</strong></span> <span class='ocrx_word' id='word_1_357' title='bbox 984 2560 1183 2600; x_wconf 88' lang='lat' dir='ltr'><strong>sententia</strong></span> <span class='ocrx_word' id='word_1_358' title='bbox 1206 2560 1380 2598; x_wconf 84' lang='lat' dir='ltr'><strong>alienum</strong></span> <span class='ocrx_word' id='word_1_359' title='bbox 1401 2560 1581 2607; x_wconf 90' lang='lat' dir='ltr'><strong>videtur;</strong></span> <span class='ocrx_word' id='word_1_360' title='bbox 1613 2565 1757 2598; x_wconf 87' lang='lat' dir='ltr'><strong>contra</strong></span> <span class='ocrx_word' id='word_1_361' title='bbox 1784 2573 1922 2598; x_wconf 80' lang='lat' dir='ltr'><strong>curam</strong></span> <span class='ocrx_word' id='word_1_362' title='bbox 1951 2572 2082 2597; x_wconf 71' lang='lat' dir='ltr'><strong>somno</strong></span> <span class='ocrx_word' id='word_1_363' title='bbox 2106 2572 2267 2611; x_wconf 68' lang='lat' dir='ltr'><strong>suspen-</strong></span> 
     </span>
     <span class='ocr_line' id='line_1_34' title="bbox 309 2630 2265 2683; baseline -0.001 -15"><span class='ocrx_word' id='word_1_364' title='bbox 309 2644 394 2668; x_wconf 74' lang='lat' dir='ltr'><strong>sam</strong></span> <span class='ocrx_word' id='word_1_365' title='bbox 423 2631 526 2669; x_wconf 73' lang='lat' dir='ltr'><strong>levas</strong></span> <span class='ocrx_word' id='word_1_366' title='bbox 554 2637 721 2683; x_wconf 85' lang='lat' dir='ltr'><strong>perapte</strong></span> <span class='ocrx_word' id='word_1_367' title='bbox 751 2632 900 2670; x_wconf 91' lang='lat' dir='ltr'><strong>dicitur</strong></span> <span class='ocrx_word' id='word_1_368' title='bbox 920 2637 958 2668; x_wconf 87' lang='lat' dir='ltr'><strong>et</strong></span> <span class='ocrx_word' id='word_1_369' title='bbox 987 2632 1107 2682; x_wconf 86' lang='lat' dir='ltr'><strong>plane</strong></span> <span class='ocrx_word' id='word_1_370' title='bbox 1138 2630 1189 2668; x_wconf 88' lang='lat' dir='ltr'><strong>ad</strong></span> <span class='ocrx_word' id='word_1_371' title='bbox 1210 2645 1299 2673; x_wconf 91' lang='lat' dir='ltr'><strong>eum</strong></span> <span class='ocrx_word' id='word_1_372' title='bbox 1321 2630 1499 2679; x_wconf 89' lang='lat' dir='ltr'><strong>modum,</strong></span> <span class='ocrx_word' id='word_1_373' title='bbox 1530 2645 1609 2681; x_wconf 92' lang='lat' dir='ltr'><strong>quo</strong></span> <span class='ocrx_word' id='word_1_374' title='bbox 1632 2636 1672 2668; x_wconf 90' lang='lat' dir='ltr'><strong>et</strong></span> <span class='ocrx_word' id='word_1_375' title='bbox 1694 2630 1841 2669; x_wconf 82' lang='lat' dir='ltr'><strong>Cicero</strong></span> <span class='ocrx_word' id='word_1_376' title='bbox 1871 2631 2032 2668; x_wconf 92' lang='lat' dir='ltr'><strong>locutus</strong></span> <span class='ocrx_word' id='word_1_377' title='bbox 2060 2635 2124 2668; x_wconf 89' lang='lat' dir='ltr'><strong>est</strong></span> <span class='ocrx_word' id='word_1_378' title='bbox 2144 2630 2265 2667; x_wconf 84' lang='lat' dir='ltr'><strong>Tuse.</strong></span> 
     </span>
     <span class='ocr_line' id='line_1_35' title="bbox 310 2696 2269 2753; baseline -0.001 -14"><span class='ocrx_word' id='word_1_379' title='bbox 310 2701 414 2752; x_wconf 86' lang='lat' dir='ltr'><strong>disp.</strong></span> <span class='ocrx_word' id='word_1_380' title='bbox 437 2702 475 2750; x_wconf 89' lang='grc'><strong>2,</strong></span> <span class='ocrx_word' id='word_1_381' title='bbox 499 2704 536 2751; x_wconf 86' lang='grc'><strong>8,</strong></span> <span class='ocrx_word' id='word_1_382' title='bbox 559 2705 624 2751; x_wconf 88' lang='grc'><strong>20,</strong></span> <span class='ocrx_word' id='word_1_383' title='bbox 655 2717 745 2741; x_wconf 77' lang='lat' dir='ltr'><strong>eum</strong></span> <span class='ocrx_word' id='word_1_384' title='bbox 776 2717 918 2741; x_wconf 78' lang='lat' dir='ltr'><strong>versus</strong></span> <span class='ocrx_word' id='word_1_385' title='bbox 949 2702 1167 2753; x_wconf 77' lang='lat' dir='ltr'><strong>Sophoclis</strong></span> <span class='ocrx_word' id='word_1_386' title='bbox 1197 2701 1246 2739; x_wconf 84' lang='lat' dir='ltr'><strong>de</strong></span> <span class='ocrx_word' id='word_1_387' title='bbox 1277 2702 1505 2740; x_wconf 89' lang='lat' dir='ltr'><strong>Trachiniis</strong></span> <span class='ocrx_word' id='word_1_388' title='bbox 1538 2703 1643 2740; x_wconf 76' lang='lat' dir='ltr'><strong>104ss</strong></span> <span class='ocrx_word' id='word_1_389' title='bbox 1676 2716 1736 2752; x_wconf 87' lang='lat' dir='ltr'><strong>sq.</strong></span> <span class='ocrx_word' id='word_1_390' title='bbox 1768 2696 1795 2739; x_wconf 74' lang='grc' dir='ltr'><em>ὦ</em></span> <span class='ocrx_word' id='word_1_391' title='bbox 1826 2699 1947 2740; x_wconf 70' lang='grc' dir='ltr'><strong>πολλοὶ</strong></span> <span class='ocrx_word' id='word_1_392' title='bbox 1977 2699 2022 2751; x_wconf 74' lang='grc' dir='ltr'><strong>δὴ</strong></span> <span class='ocrx_word' id='word_1_393' title='bbox 2061 2698 2118 2739; x_wconf 80' lang='grc' dir='ltr'><strong>καὶ</strong></span> <span class='ocrx_word' id='word_1_394' title='bbox 2148 2698 2269 2751; x_wconf 65' lang='grc' dir='ltr'>θερμοὶ</span> 
     </span>
     <span class='ocr_line' id='line_1_36' title="bbox 308 2767 2268 2826; baseline -0.001 -14"><span class='ocrx_word' id='word_1_395' title='bbox 308 2767 368 2812; x_wconf 72' lang='grc' dir='ltr'><strong>καὶ</strong></span> <span class='ocrx_word' id='word_1_396' title='bbox 399 2771 495 2825; x_wconf 78' lang='grc' dir='ltr'>λόγῳ</span> <span class='ocrx_word' id='word_1_397' title='bbox 523 2771 618 2812; x_wconf 63' lang='grc' dir='ltr'><strong>κακά</strong></span> <span class='ocrx_word' id='word_1_398' title='bbox 647 2771 720 2814; x_wconf 76' lang='grc' dir='ltr'><strong>Καὶ</strong></span> <span class='ocrx_word' id='word_1_399' title='bbox 748 2771 854 2826; x_wconf 73' lang='grc' dir='ltr'>χερσὶ</span> <span class='ocrx_word' id='word_1_400' title='bbox 884 2771 942 2813; x_wconf 78' lang='grc' dir='ltr'><strong>καὶ</strong></span> <span class='ocrx_word' id='word_1_401' title='bbox 971 2772 1107 2814; x_wconf 76' lang='grc' dir='ltr'>νώτοισι</span> <span class='ocrx_word' id='word_1_402' title='bbox 1135 2770 1334 2825; x_wconf 62' lang='grc' dir='ltr'><strong>μοχθήσας</strong></span> <span class='ocrx_word' id='word_1_403' title='bbox 1364 2770 1435 2824; x_wconf 60' lang='grc' dir='ltr'><strong>ἐγώ</strong></span> <span class='ocrx_word' id='word_1_404' title='bbox 1453 2778 1628 2812; x_wconf 79' lang='lat' dir='ltr'><strong>verteret</strong></span> <span class='ocrx_word' id='word_1_405' title='bbox 1652 2773 1685 2811; x_wconf 79' lang='grc' dir='ltr'><em>Ο</em></span> <span class='ocrx_word' id='word_1_406' title='bbox 1709 2774 1832 2813; x_wconf 75' lang='lat' dir='ltr'><strong>multa</strong></span> <span class='ocrx_word' id='word_1_407' title='bbox 1863 2774 1970 2813; x_wconf 77' lang='lat' dir='ltr'><strong>dictu</strong></span> <span class='ocrx_word' id='word_1_408' title='bbox 1996 2773 2152 2826; x_wconf 72' lang='lat' dir='ltr'><strong>yravia,</strong></span> <span class='ocrx_word' id='word_1_409' title='bbox 2176 2786 2268 2825; x_wconf 81' lang='lat' dir='ltr'><strong>per-</strong></span> 
     </span>
     <span class='ocr_line' id='line_1_37' title="bbox 303 2844 2267 2898; baseline -0.001 -16"><span class='ocrx_word' id='word_1_410' title='bbox 303 2859 421 2896; x_wconf 74' lang='lat' dir='ltr'><strong>pessu</strong></span> <span class='ocrx_word' id='word_1_411' title='bbox 449 2859 605 2898; x_wconf 61' lang='lat' dir='ltr'><strong>(cepera,</strong></span> <span class='ocrx_word' id='word_1_412' title='bbox 649 2844 758 2894; x_wconf 77' lang='lat' dir='ltr'><strong>Quae</strong></span> <span class='ocrx_word' id='word_1_413' title='bbox 788 2860 944 2898; x_wconf 72' lang='lat' dir='ltr'><strong>corpore</strong></span> <span class='ocrx_word' id='word_1_414' title='bbox 972 2846 1169 2885; x_wconf 61' lang='lat' dir='ltr'><strong>aemulata</strong></span> <span class='ocrx_word' id='word_1_415' title='bbox 1199 2851 1314 2897; x_wconf 79' lang='lat' dir='ltr'><strong>atque</strong></span> <span class='ocrx_word' id='word_1_416' title='bbox 1342 2846 1474 2883; x_wconf 74' lang='lat' dir='ltr'><strong>animo</strong></span> <span class='ocrx_word' id='word_1_417' title='bbox 1499 2846 1666 2897; x_wconf 72' lang='lat' dir='ltr'><strong>pertuli,</strong></span> <span class='ocrx_word' id='word_1_418' title='bbox 1705 2850 1745 2883; x_wconf 87' lang='lat' dir='ltr'><strong>et</strong></span> <span class='ocrx_word' id='word_1_419' title='bbox 1774 2845 1988 2884; x_wconf 86' lang='lat' dir='ltr'><strong>Terentius</strong></span> <span class='ocrx_word' id='word_1_420' title='bbox 2025 2845 2063 2883; x_wconf 88' lang='lat' dir='ltr'><strong>in</strong></span> <span class='ocrx_word' id='word_1_421' title='bbox 2095 2844 2267 2896; x_wconf 83' lang='lat' dir='ltr'><strong>prologo</strong></span> 
     </span>
     <span class='ocr_line' id='line_1_38' title="bbox 307 2915 2267 2969; baseline -0.001 -15"><span class='ocrx_word' id='word_1_422' title='bbox 307 2915 587 2969; x_wconf 87' lang='lat' dir='ltr'><strong>Adelphorum</strong></span> <span class='ocrx_word' id='word_1_423' title='bbox 612 2918 661 2955; x_wconf 88' lang='lat'><strong>10</strong></span> <span class='ocrx_word' id='word_1_424' title='bbox 691 2931 777 2956; x_wconf 83' lang='lat' dir='ltr'><strong>eum</strong></span> <span class='ocrx_word' id='word_1_425' title='bbox 807 2918 867 2956; x_wconf 67' lang='lat' dir='ltr'><strong>lale</strong></span> <span class='ocrx_word' id='word_1_426' title='bbox 899 2919 1020 2956; x_wconf 77' lang='lat' dir='ltr'><strong>Iocum</strong></span> <span class='ocrx_word' id='word_1_427' title='bbox 1053 2918 1218 2969; x_wconf 61' lang='lat' dir='ltr'><strong>sumpsit</strong></span> <span class='ocrx_word' id='word_1_428' title='bbox 1245 2916 1319 2953; x_wconf 43' lang='lat' dir='ltr'><strong>‹2th</strong></span> <span class='ocrx_word' id='word_1_429' title='bbox 1338 2916 1388 2954; x_wconf 77' lang='lat' dir='ltr'><strong>In</strong></span> <span class='ocrx_word' id='word_1_430' title='bbox 1412 2916 1618 2969; x_wconf 40' lang='lat' dir='ltr'><strong>Adelphos,</strong></span> <span class='ocrx_word' id='word_1_431' title='bbox 1649 2917 1804 2955; x_wconf 67' lang='lat' dir='ltr'><strong>verbum</strong></span> <span class='ocrx_word' id='word_1_432' title='bbox 1835 2918 1881 2955; x_wconf 78' lang='lat' dir='ltr'><strong>de</strong></span> <span class='ocrx_word' id='word_1_433' title='bbox 1908 2916 2016 2954; x_wconf 74' lang='lat' dir='ltr'><strong>verbo</strong></span> <span class='ocrx_word' id='word_1_434' title='bbox 2045 2928 2267 2968; x_wconf 66' lang='lat' dir='ltr'><strong>eapreseum</strong></span> 
     </span>
     <span class='ocr_line' id='line_1_39' title="bbox 304 2988 2266 3040; baseline 0.001 -17"><span class='ocrx_word' id='word_1_435' title='bbox 304 2988 461 3035; x_wconf 68' lang='lat' dir='ltr'><strong>eaetulit5</strong></span> <span class='ocrx_word' id='word_1_436' title='bbox 493 3002 596 3040; x_wconf 88' lang='lat' dir='ltr'><strong>quae</strong></span> <span class='ocrx_word' id='word_1_437' title='bbox 627 3002 757 3040; x_wconf 88' lang='lat' dir='ltr'><strong>neque</strong></span> <span class='ocrx_word' id='word_1_438' title='bbox 787 2989 975 3028; x_wconf 77' lang='lat' dir='ltr'><strong>Donatus</strong></span> <span class='ocrx_word' id='word_1_439' title='bbox 1007 2988 1201 3026; x_wconf 83' lang='lat' dir='ltr'><strong>intellexit</strong></span> <span class='ocrx_word' id='word_1_440' title='bbox 1233 3001 1324 3025; x_wconf 83' lang='lat' dir='ltr'><strong>cum</strong></span> <span class='ocrx_word' id='word_1_441' title='bbox 1355 2988 1455 3026; x_wconf 84' lang='lat' dir='ltr'><strong>haec</strong></span> <span class='ocrx_word' id='word_1_442' title='bbox 1487 2988 1701 3026; x_wconf 83' lang='lat' dir='ltr'><strong>adnotaret</strong></span> <span class='ocrx_word' id='word_1_443' title='bbox 1734 2990 1826 3026; x_wconf 76' lang='lat' dir='ltr'><strong>mire</strong></span> <span class='ocrx_word' id='word_1_444' title='bbox 1856 3002 1930 3026; x_wconf 79' lang='lat' dir='ltr'><strong>uon</strong></span> <span class='ocrx_word' id='word_1_445' title='bbox 1963 2989 2063 3025; x_wconf 66' lang='lat' dir='ltr'><strong>dixit</strong></span> <span class='ocrx_word' id='word_1_446' title='bbox 2093 2995 2266 3025; x_wconf 73' lang='lat' dir='ltr'><strong>transtu-</strong></span> 
     </span>
    </p>
   </div>
  </div>
 </body>
</html>
