2666 3518
1318 219 1372 259 15

366 343 552 383 eliciatur
581 357 668 382 suo.
725 342 791 382 Ita
819 341 975 395 liquido
1007 346 1176 395 apparet
1205 341 1379 394 quodvis
1415 356 1539 380 unum
1577 341 1696 380 huius
1734 340 1929 379 enuntiati
1959 340 2127 380 verbum
2158 338 2323 392 egregie

363 414 414 453 ad
443 414 551 452 illam
583 419 758 453 mentem
790 414 997 465 scriptoris
1025 414 1171 462 facere,
1202 413 1270 463 qui
1299 418 1515 464 utrumque
1546 418 1708 451 secutus
1740 418 1814 461 est,
1849 417 1894 450 ut
1925 426 2000 450 nec
2030 411 2192 449 deesset
2220 409 2320 448 illud

363 485 502 525 nobile
532 484 781 524 voluntariae
818 484 960 524 mortis
998 484 1224 536 exemplum
1264 489 1303 523 et
1342 483 1449 523 idem
1488 483 1586 535 quid
1623 483 1792 523 distaret
1832 498 1855 522 a
1894 482 2060 534 reliquis
2097 481 2319 535 patefieret.

367 555 492 608 Quod
522 570 613 596 eum
643 556 700 596 ita
728 555 957 597 institueret
986 561 1032 596 ut
1061 555 1282 596 orationem
1311 555 1492 608 proxime
1522 555 1574 595 ad
1593 554 1805 595 Menoecei
1837 553 2063 608 exemplum
2094 567 2320 594 accommo-

366 627 494 680 daret,
528 629 569 668 in
600 643 648 669 ea
679 627 967 669 conformanda
995 642 1076 668 non
1106 628 1184 668 iam
1216 626 1407 669 credibile
1437 627 1640 668 videbitur
1670 641 1758 667 eum
1787 627 1966 667 Ennium
1996 626 2168 667 aliumve
2199 641 2317 680 quem

310 727 313 731 -
363 706 525 754 poetam
555 702 690 754 potius
720 716 843 754 quam
873 707 1002 741 semet
1030 701 1161 754 ipsum
1193 700 1336 740 ducem
1367 706 1408 740 et
1436 706 1642 740 auctorem
1674 706 1856 740 secutum
1888 714 1988 740 esse.

549 773 614 812 De
644 788 738 812 nam
766 773 984 826 particula,
1023 787 1141 825 quam
1177 773 1426 812 restituimus
1456 773 1617 824 vimque
1649 772 1733 811 eius
1765 772 1969 810 declarare
2000 772 2134 811 conati
2165 786 2315 822 sumus,

360 845 393 883 si
425 845 624 884 curiosius
654 859 774 898 agere
795 845 1004 894 vellemus,
1034 845 1167 897 ampla
1188 850 1422 897 suppeteret
1445 835 1668 884 disserendi
1689 844 1872 884 materia:
1904 859 1996 883 nam
2028 844 2210 897 exempla
2230 844 2317 896 qui-

362 915 452 954 dem
484 917 693 967 quaerenti
723 930 922 968 nusquam
952 930 1033 954 non
1064 916 1224 955 obviam
1254 916 1370 966 fiunt,
1406 930 1481 955 nec
1512 916 1641 955 solum
1673 916 1780 968 apud
1811 916 2045 967 scriptores,
2077 914 2314 955 Ciceronem

362 987 570 1039 imprimis,
602 987 852 1037 Sallustium,
883 986 1137 1037 Suetonium,
1166 987 1415 1037 Petronium,
1446 1002 1584 1027 verum
1615 989 1734 1026 etiam
1764 992 1920 1039 poetas,
1953 986 2026 1027 sed
2047 1001 2167 1038 saepe
2193 987 2315 1026 inter-

363 1059 546 1111 pretibus
585 1059 791 1100 molestias
823 1060 993 1109 creavit,
1032 1074 1121 1099 cum
1163 1064 1231 1098 aut
1260 1059 1418 1112 ellipsin
1449 1060 1650 1100 somniant
1681 1074 1782 1111 quae
1812 1059 1923 1099 nulla
1962 1065 2024 1099 est
2060 1066 2129 1099 aut
2157 1059 2316 1099 diversa

364 1130 555 1180 miscent,
591 1145 891 1182 nonnumquam
931 1132 1049 1170 etiam
1080 1130 1311 1169 criticorum
1350 1130 1515 1170 iniurias
1551 1145 1747 1183 perpessa
1784 1137 1847 1170 est
1877 1130 1961 1170 sive
1999 1131 2128 1183 ipsam
2159 1137 2316 1169 mutant

364 1202 449 1241 sive
480 1201 701 1241 orationem
730 1202 927 1256 integram
958 1201 1140 1242 defectus
1171 1206 1367 1241 accusant
1396 1202 1460 1241 vel
1488 1202 1772 1256 interpolatam
1806 1202 2027 1255 increpant.
2089 1201 2170 1242 Sed
2200 1202 2314 1242 nolu-

364 1288 453 1314 mus
484 1274 517 1314 si
548 1275 617 1326 qui
645 1279 779 1313 tamen
810 1281 904 1314 sunt
934 1275 1001 1327 qui
1031 1275 1130 1314 haec
1160 1275 1297 1327 legent
1325 1275 1365 1313 in
1396 1274 1474 1313 hoc
1505 1275 1618 1314 arido
1649 1275 1930 1326 quaestionum
1961 1275 2313 1327 grammaticarum

366 1359 509 1399 campo
541 1345 691 1386 diutius
722 1345 913 1386 detinere.
964 1346 1051 1386 Vos
1081 1359 1197 1396 vero,
1236 1346 1403 1386 iuvenes
1434 1346 1651 1397 carissimi,
1689 1361 1713 1386 a
1742 1346 1986 1399 prolusionis
2016 1347 2213 1387 tenuitate
2243 1347 2312 1387 ad-

365 1418 531 1458 vertatis
563 1418 737 1457 animum
769 1418 820 1457 ad
848 1419 979 1458 fontes
1010 1418 1198 1471 limpidos
1227 1418 1363 1472 largae
1395 1418 1604 1458 doetrinae
1635 1434 1736 1472 quos
1764 1419 1879 1459 vobis
1911 1419 2039 1472 aperit
2057 1419 2312 1459 I'iliversitas

365 1495 506 1529 nostra
535 1489 799 1529 hauriendos:
830 1490 986 1529 haurite
1016 1491 1109 1529 inde
1139 1490 1281 1529 sedulo
1312 1490 1421 1541 quod
1452 1491 1566 1530 vobis
1596 1491 1808 1530 conducat.

552 1577 638 1618 Ser.
670 1593 721 1618 m.
744 1577 876 1630 Aprili
905 1577 1318 1619 MDCCCLXXIX.
