2666 3518
1264 213 1320 256 10

318 335 395 377 Cui
433 337 658 392 opinationi
695 335 872 391 quodam
916 336 1037 377 modo
1081 337 1330 391 patrocinari
1366 337 1554 377 videntur
1598 350 1646 376 ea
1689 350 1792 388 quae
1835 336 1876 375 in
1915 336 2050 375 Plauti
2086 336 2274 376 Rudente

318 411 397 449 766
428 410 491 450 Fl.
522 411 715 464 leguntur

377 483 576 523 LABRAx.
621 484 757 535 Iynem
776 497 960 535 maqnmn
989 483 1049 522 hic
1069 481 1238 532 faciam.
1286 483 1541 522 DAEsroNES.
1578 480 1705 531 Quine
1725 489 1769 522 ut
1787 481 2002 522 humanum
2022 495 2162 521 eaeuras
2183 480 2281 521 tibi?

374 556 570 595 Imssmx.
617 555 739 594 Immo
769 554 881 594 hasce
910 553 1048 595 ambas
1077 555 1137 595 hic
1166 556 1210 595 in
1239 570 1314 595 ara
1336 561 1380 594 ut
1397 556 1504 594 vivas
1523 552 1759 594 comburam.
1804 553 2062 594 DAEMONES.
2101 553 2152 592 Id
2180 553 2275 593 volo.

374 626 484 667 Nam
513 627 634 666 hercle
662 640 728 680 eqo
759 633 793 665 te
822 627 999 666 continuo
1030 628 1227 681 arripiam
1256 626 1375 666 barba
1406 633 1442 666 et
1467 627 1512 664 in
1540 627 1665 679 iqnem
1696 627 1886 665 coniciam

380 699 507 751 Teque
535 698 844 738 ambustulatum
873 700 1028 752 maqnis
1058 699 1221 738 obiciam
1249 700 1383 738 avibus
1405 698 1613 751 pabulum.

320 770 392 810 sed
414 770 542 823 magis
564 785 667 822 quae
690 769 836 811 Cicero
858 770 958 810 dicit
987 785 1060 824 pro
1082 770 1237 810 Milone
1257 784 1291 810 c.
1312 772 1361 810 13
1387 769 1492 820 Quid
1502 769 1519 808 ,9
1549 776 1590 809 tu
1618 782 1678 808 me
1704 769 1773 808 tibi
1800 771 1961 819 iratum,
1992 769 2116 818 Sexte,
2141 774 2275 822 putas,

319 843 430 881 cuius
452 843 760 882 inimicissimum
780 843 902 882 »multo
924 843 1122 881 crudelius
1143 844 1259 882 etiam
1272 843 1454 896 poeniteas
1472 856 1521 891 es,
1552 856 1672 895 quam
1692 849 1779 880 erat
1795 842 2055 880 humanitatis
2075 854 2181 880 meae
2206 853 2277 892 po-

318 914 490 953 stulare?
529 921 570 952 tu
600 915 649 953 P.
676 915 806 954 Clodii
842 921 1047 953 cruentum
1083 915 1251 954 cadaver
1277 916 1420 954 eiecisti
1453 915 1580 962 domo,
1619 921 1660 952 tu
1693 915 1736 952 in
1766 913 1972 965 publicum
2006 912 2198 961 abiecisti,
2237 918 2277 950 tu

317 987 525 1040 spoliatum
560 986 800 1039 imaqinibus
835 988 1006 1039 exequiis
1035 1001 1182 1040 pompa
1221 987 1464 1035 laudatione,
1501 985 1778 1035 infelicissimis
1816 986 1931 1038 liqnis
1967 983 2279 1024 semiustulatum

318 1060 518 1098 nocturnis
540 1058 705 1098 canibus
726 1059 1010 1098 dilaniandum.
1040 1060 1245 1112 reliquisti.
1292 1059 1491 1098 Nimirum
1514 1058 1572 1097 M.
1591 1057 1750 1097 Tullius
1777 1072 1884 1097 nunc
1914 1072 1995 1096 non
2025 1062 2070 1096 ut
2098 1055 2279 1109 philoso-

319 1131 425 1183 phus
456 1131 580 1170 sentit
610 1130 682 1171 sed
714 1137 937 1184 exaggerat
966 1136 1012 1170 ut
1042 1137 1180 1171 orator
1211 1137 1251 1171 et
1281 1131 1346 1170 hic
1378 1136 1416 1170 et
1447 1144 1586 1170 rursus
1617 1129 1784 1169 eandem
1814 1130 1856 1168 in
1882 1128 2124 1169 sententiam
2155 1142 2189 1167 c.
2213 1128 2277 1167 32.

319 1203 425 1242 Nam
457 1218 540 1242 rem
571 1208 726 1256 gestam
749 1209 886 1242 narrat
906 1203 1111 1243 Asconius
1136 1203 1175 1242 in
1197 1210 1434 1256 argumento
1457 1202 1649 1243 orationis
1680 1217 1718 1255 p.
1738 1203 1789 1242 29
1811 1201 1962 1242 Kiessl.
1985 1201 2164 1255 Populus
2185 1201 2280 1239 duce

319 1274 406 1314 Sex.
433 1274 568 1315 Clodio
598 1274 727 1313 scriba
756 1288 897 1327 corpus
927 1275 976 1313 Ι).
1004 1275 1133 1314 Clodii
1159 1276 1203 1313 in
1233 1276 1385 1314 curiam
1419 1276 1555 1313 intulit
1583 1275 1842 1327 cremavitque
1875 1273 2069 1313 subselliis
2098 1280 2134 1312 et
2162 1272 2281 1312 tribu-

318 1347 476 1386 nalibus
506 1354 542 1385 et
571 1348 712 1385 mensis
741 1354 777 1385 et
803 1347 999 1386 codicibus
1029 1347 1302 1393 librariorunu
1337 1362 1413 1400 quo
1443 1349 1532 1400 igme
1567 1353 1602 1386 et
1635 1348 1724 1399 ipsa
1753 1360 1904 1399 quoque
1938 1347 2050 1385 curia
2077 1346 2281 1398 fla9²·avit.

320 1418 404 1458 Sed
440 1424 575 1457 tamen
608 1418 672 1457 vel
711 1433 783 1470 per
813 1418 1166 1472 exaggerationem
1197 1417 1411 1470 dispicitur
1439 1418 1536 1470 quid
1574 1418 1613 1457 in
1650 1418 1720 1457 illo
1749 1418 1890 1457 funere
1921 1417 2093 1457 maxime
2124 1415 2283 1457 deside·

321 1496 452 1529 ratum
484 1490 603 1529 fuerit
641 1490 742 1529 mori
773 1489 978 1529 Romano:
1018 1490 1165 1529 etenim
1203 1504 1351 1542 corpus
1384 1488 1519 1529 Clodii
1549 1495 1770 1529 crematum
1807 1495 1892 1528 erat
1929 1503 2031 1543 rogo
2062 1503 2143 1528 non
2172 1488 2280 1527 iusto

320 1568 359 1600 et
398 1561 450 1600 ad
491 1561 596 1601 hanc
633 1576 718 1601 rem
757 1567 912 1601 structo
949 1562 1021 1601 sed
1057 1561 1322 1601 tumultuario
1359 1576 1407 1601 ac
1445 1567 1595 1601 temere
1631 1561 1737 1600 facto
1779 1561 2073 1612 combustoque
2113 1574 2282 1612 corpore

320 1639 490 1684 propter
521 1633 707 1672 exoriens
737 1633 967 1672 incendium
999 1633 1133 1672 euriae
1172 1647 1290 1672 nemo
1329 1647 1450 1672 curae
1487 1633 1630 1673 habuit
1658 1646 1753 1673 ossa
1785 1632 1922 1686 legere
1954 1638 1995 1672 et
2025 1646 2282 1685 componere,

320 1703 662 1756 quemadmodum
693 1703 743 1743 de
774 1705 964 1757 Augusto
1002 1710 1138 1744 narrat
1168 1704 1389 1745 Suetonius
1421 1718 1454 1742 e.
1480 1704 1559 1742 100
1588 1711 1811 1743 senatorum
1845 1704 2014 1743 humeris
2049 1705 2203 1743 delatus
2239 1704 2283 1741 in

318 1790 502 1828 campum
545 1783 832 1828 crematusque;
883 1777 1072 1829 reliquias
1121 1777 1295 1828 leqerunt
1334 1777 1528 1828 primores
1569 1777 1753 1828 equestris
1801 1777 1952 1815 ordinis
1999 1791 2046 1815 ac
2089 1776 2283 1815 mausoleo

320 1848 604 1897 condiderunt,
647 1862 798 1900 eosque
827 1862 961 1888 mores
992 1847 1215 1888 studiosius
1244 1847 1505 1901 persequitur
1534 1846 1738 1900 Lygdami
1769 1861 1930 1887 carmen
1959 1845 2182 1889 secundum
2214 1847 2283 1900 (ef.

320 1920 470 1959 Tibull.
496 1922 532 1969 1,
554 1921 592 1969 3,
615 1921 671 1971 6).
732 1919 799 1958 Ad
837 1919 945 1958 hunc
982 1920 1106 1972 igitur
1143 1919 1307 1959 modum
1344 1919 1558 1973 opinamur
1587 1918 1698 1972 apud
1726 1919 1950 1960 Pacuvium
1980 1919 2162 1973 Deiphili
2199 1934 2285 1959 um-

323 1991 436 2030 bram
470 2005 607 2031 orasse
636 1990 810 2043 primum
841 1997 887 2030 ut
918 1997 1044 2031 mater
1074 2005 1222 2044 corpus
1253 1996 1465 2041 cremaret,
1503 1991 1597 2030 dein
1627 1997 1672 2030 ut
1706 1990 1898 2031 conderet
1928 2005 2022 2032 ossa
2051 1997 2091 2031 et
2120 2005 2285 2044 compo-

322 2069 436 2102 neret
475 2077 576 2102 neve
616 2062 811 2113 reliquias
850 2063 1138 2102 semustulatas
1177 2063 1368 2102 abiiceret
1397 2062 1727 2115 divexandasque
1764 2078 1838 2115 per
1866 2069 2014 2103 terram
2043 2064 2138 2103 feris
2168 2064 2288 2103 relin-

323 2139 475 2186 queret.
544 2133 597 2172 Et
637 2133 737 2173 haec
774 2139 983 2189 postrema
1020 2134 1205 2174 ubertate
1242 2134 1311 2173 illa
1346 2134 1581 2173 Pacuviana
1623 2149 1743 2186 quam
1779 2140 1938 2175 veteres
1982 2134 2289 2175 admirabantur

322 2206 514 2245 distincta
553 2211 726 2258 possunt
760 2204 881 2244 fidem
918 2206 1076 2256 facere,
1116 2221 1165 2244 ne
1202 2206 1357 2258 reliqua
1394 2206 1556 2257 quidem
1593 2211 1754 2257 poetam
1792 2207 1910 2246 nimis
1947 2221 2071 2259 parca
2105 2207 2286 2246 oratione

324 2278 522 2316 elaturum
553 2277 697 2316 fuisse:
736 2291 817 2327 quo
854 2277 985 2330 magis
1016 2277 1242 2317 cavendum
1274 2283 1336 2316 est
1371 2292 1420 2316 ne
1458 2278 1498 2316 in
1528 2278 1858 2331 angustissimum
1896 2293 2039 2331 gyrum
2070 2278 2286 2331 compella-

324 2363 413 2388 mus
445 2362 607 2387 carmen
639 2362 687 2387 ex
717 2362 798 2400 quo
829 2348 947 2388 nobis
978 2348 1141 2401 quidem
1173 2347 1318 2388 Cicero
1348 2362 1482 2400 pauca
1510 2348 1768 2402 degustanda
1796 2349 1969 2402 reliquit.
2018 2349 2154 2401 Quare
2185 2349 2284 2389 haee

324 2418 494 2459 disiecta
525 2419 704 2459 membra
732 2418 811 2459 hoc
839 2418 961 2459 modo
991 2419 1179 2460 ordinata
1209 2434 1255 2459 ac
1286 2418 1486 2472 disposita
1514 2420 1733 2471 veriorem,
1771 2421 1812 2460 ni
1841 2421 2027 2471 fallimur,
2065 2421 2285 2460 Pacuviani

324 2492 471 2531 cantici
502 2491 679 2543 speciem
708 2492 996 2532 informabunt.

663 2564 804 2612 Mate'r,
838 2570 868 2603 te
897 2565 1065 2617 appello,
1097 2572 1139 2604 tu
1168 2578 1270 2618 quae
1300 2578 1438 2604 curam
1466 2578 1597 2605 somno
1626 2579 1853 2619 suspensam
1885 2566 1987 2605 levas

662 2635 799 2690 Neque
830 2639 863 2675 τέ
889 2637 965 2677 uzei
990 2638 1153 2686 miseret,
1182 2650 1298 2691 surqe
1327 2643 1364 2677 ec
1392 2637 1510 2691 sepeli
1534 2645 1670 2679 natum

950 2723 1066 2779 priu'
1084 2729 1205 2779 quam
1223 2725 1338 2777 ferae
1366 2726 1612 2780 volucresque

666 2811 754 2851 Neu
782 2813 987 2866 relliquias
1015 2820 1203 2853 semustas
1232 2815 1343 2853 sireis
1372 2814 1581 2853 denudatis
1609 2814 1756 2853 ossibus

664 2885 744 2923 Pet·
775 2888 917 2924 terram
945 2887 1055 2925 sanie
1085 2886 1277 2925 delibutas
1294 2887 1415 2937 foede
1444 2887 1671 2925 diveoeaiier.

517 2956 787 3007 Properamus
824 2956 874 2995 ad
913 2957 992 2996 alia
1021 2957 1210 3009 aliudque
1247 2972 1376 3010 genus
1415 2958 1562 2997 erroris
1599 2958 1639 2997 in
1671 2972 1789 2998 versu
1821 2972 1843 2996 a
1874 2957 2073 2997 Cicerone
2106 2957 2289 2997 adhibito

328 3027 494 3067 admissi
533 3027 853 3080 perstringemus
893 3029 1047 3081 paucis.
1107 3029 1273 3068 Initium
1305 3035 1366 3069 est
1398 3029 1593 3082 epistolae
1623 3029 1714 3069 libri
1743 3030 1861 3082 primi
1896 3029 1947 3068 ad
1976 3029 2160 3068 Atticum
2190 3028 2291 3067 duo-
