2666 3518
1303 222 1327 261 6

327 342 445 388 nasu>
474 362 596 401 quam
625 354 766 387 vocant
801 346 956 398 Graeci,
987 347 1099 387 cuius
1128 345 1276 398 effector
1304 353 1360 385 est
1386 352 1531 396 orator,
1561 346 1659 384 Ιιιιησ
1690 347 1860 385 suadem
1890 347 2108 400 (cplfuellart't
2127 345 2304 396 Ennius,

325 420 407 457 eiua
436 426 569 458 autem,
603 420 808 472 Getlteyum
836 420 1051 458 medullam
1071 418 1200 468 sice‘sse
1228 419 1323 456 vult.
1383 418 1500 456 Ilaec
1532 416 1701 464 Cicer03
1738 423 1777 456 et
1809 424 1981 470 apparet
2010 418 2139 457 verba
2169 419 2304 457 Marci

316 490 457 539 filius.-
500 493 535 530 ie
570 492 699 530 dictus
736 491 998 544 popularibue
1037 491 1129 529 olim
1168 489 1359 541 copulata
1395 503 1519 528 unum
1558 489 1761 542 integrum
1807 489 1968 529 efficere
2008 489 2299 529 hexametrum.

326 561 391 601 Ac
429 562 464 602 si
500 562 603 602 haec
639 562 760 602 unica
796 567 904 602 esset
942 561 1156 611 memoria,
1194 560 1470 600 obtineremus
1501 574 1610 611 eam,
1651 573 1783 612 neque
1814 560 2006 613 cuiquam
2035 561 2178 601 liceret
2207 575 2300 600 cum

326 633 408 673 fide
445 634 629 673 vitiatam
666 634 956 673 demonstrare.
1018 632 1103 674 Sed
1139 638 1222 672 tres
1261 647 1403 672 versus
1442 633 1689 685 posteriores
1729 630 1888 672 Gellius
1930 638 2096 672 auctore
2125 634 2298 672 Annaeo

328 704 489 746 Seneca
518 704 686 745 tradidit
725 705 765 744 in
795 704 905 744 hunc
935 703 1099 744 modum
1130 704 1305 757 scriptos
1340 704 1404 754 12,
1427 704 1450 743 2
1481 704 1530 743 In
1562 703 1657 743 libro
1687 705 1790 743 enim
1819 705 1993 744 vicesimo
2023 705 2189 744 secundo
2219 705 2300 757 epi-

325 778 524 816 stularum
553 778 763 816 moralium
792 791 893 829 quas
922 778 977 816 ad
1006 776 1208 815 Lucilium
1238 778 1451 829 composuit
1480 775 1678 828 (Seneca)
1713 777 1949 815 deridiculos
1979 790 2109 816 versus
2143 775 2187 825 Q.
2213 776 2298 815 En-

327 848 439 887 m‘um
468 849 514 887 <Ie
546 848 704 901 Cetheyo
734 849 898 901 antiquo
929 849 1012 887 υίνο
1032 847 1173 897 fecisse
1202 847 1267 885 hos
1298 848 1394 886 dicit

1022 920 1056 959 2⁰8
1086 920 1232 960 dictust
1259 920 1347 960 ollis
1369 918 1634 973 popularibus
1664 918 1757 959 olim

837 994 918 1041 Qui
945 998 1027 1032 tum
1055 992 1233 1032 vivebant
1261 992 1430 1031 homines
1459 998 1574 1045 atque
1602 1004 1740 1029 aecum
1769 991 1977 1044 ayc'tabanc

643 1112 645 1115 .
830 1065 924 1102 Flos
954 1065 1147 1103 delibatus
1169 1065 1323 1116 populi,
1355 1065 1483 1102 suada
1514 1065 1701 1102 medulla.

323 1151 371 1175 ae
391 1137 530 1175 deinde
558 1137 714 1188 scripsit
739 1136 939 1187 (Seneca)
966 1137 1013 1175 de
1030 1137 1167 1175 iisdem
1190 1136 1359 1175 versibus
1380 1136 1492 1174 verba
1515 1136 1605 1174 hacc
1625 1132 1820 1174 ‘admiror
1838 1135 2165 1188 eloquentissimos
2195 1137 2293 1175 viros

322 1214 358 1246 et
386 1208 535 1246 deditos
563 1207 695 1247 Ennio
718 1221 795 1260 pro
825 1208 979 1260 optimis
1016 1208 1188 1246 ridicula
1225 1208 1419 1246 laudasse.
1484 1208 1614 1246 Cicero
1644 1213 1743 1245 certe
1775 1208 1878 1245 ‘inter
1907 1206 2023 1246 bonos
2055 1209 2135 1247 elus
2170 1223 2294 1248 versus

321 1287 357 1318 et
393 1279 460 1318 hos
498 1276 646 1329 reffert]
697 1286 814 1332 atque
853 1280 895 1317 ι’(ἰ
929 1280 1045 1318 etiam
1082 1279 1128 1317 cle
1162 1279 1343 1318 Cicerone
1381 1279 1478 1318 (licit
1506 1275 1599 1317 ‘uon
1630 1265 1769 1317 miron-f
1794 1279 1927 1331 inquit
1952 1276 2087 1327 ‘fuisse
2123 1281 2195 1332 qui
2230 1280 2295 1319 Itos

322 1364 455 1389 versus
484 1350 666 1390 scriberet
692 1365 782 1389 cum
799 1350 935 1399 fuerit
962 1352 1033 1403 qui
1064 1351 1265 1390 laudaret:
1298 1352 1375 1389 mlxi
1393 1350 1500 1400 sorte
1524 1352 1656 1391 Cicero
1677 1364 1852 1389 summus
1881 1357 2014 1389 orator
2033 1351 2174 1403 aqebat
2202 1366 2295 1390 caec-

322 1437 408 1462 ,ςιιηι
442 1438 557 1461 suam
594 1430 630 1461 et
665 1423 817 1462 volebat
851 1424 916 1461 laos
955 1437 1087 1461 versus
1123 1424 1248 1462 videri
1283 1422 1426 1462 bono-s.’
1485 1423 1580 1461 Non
1611 1437 1815 1461 moramur
1846 1422 2030 1463 Senecae
2062 1423 2296 1473 calumnias,

324 1494 388 1533 cui
410 1493 581 1533 deliciae
603 1493 695 1533 illae
717 1494 928 1547 argutulae
960 1493 1119 1546 priscae
1151 1494 1337 1533 sanitatis
1368 1498 1407 1532 et
1433 1493 1675 1533 sinceritatis
1698 1507 1884 1545 saporem
1914 1492 2192 1545 perdiderant,
2223 1494 2295 1534 sed

323 1564 561 1618 agnoscitur
592 1565 690 1616 quid
720 1564 821 1603 haec
851 1565 1045 1603 memoria
1075 1579 1261 1603 versuum
1289 1565 1568 1603 Ennianorum
1599 1564 1804 1616 discrepet
1835 1578 1859 1602 a
1879 1564 2089 1613 Tulliana3
2121 1579 2293 1618 eumque

323 1637 522 1677 Senecam
552 1650 695 1674 versus
734 1636 825 1674 illos
865 1650 946 1674 non
984 1651 1033 1674 ex
1064 1635 1276 1674 annalibus
1318 1635 1390 1674 sed
1421 1650 1468 1673 ex
1501 1635 1711 1674 Ciceronis
1741 1635 1870 1673 Bruto
1902 1640 2130 1674 mutuatum
2169 1650 2293 1688 appa-

322 1713 431 1757 reat,
472 1707 652 1747 Gellium
689 1712 823 1746 autem
863 1720 1080 1759 excerpere
1112 1707 1311 1747 Senecam
1352 1721 1416 1746 res¹
1455 1707 1545 1759 ipsa
1581 1706 1722 1755 docet,
1760 1720 1841 1745 non
1880 1721 2118 1758 spernemus
2156 1708 2230 1748 has
2269 1723 2292 1748 a

322 1778 459 1818 Gellio
489 1778 641 1818 relatas
672 1779 894 1831 scripturas
926 1792 1001 1818 nec
1028 1777 1269 1818 Ciceronem
1302 1778 1576 1832 negligentiae
1616 1779 1686 1818 sed
1718 1779 1803 1818 eius
1833 1778 2020 1819 librarios
2053 1793 2290 1833 arguemus:

319 1850 536 1889 reddemus
576 1850 701 1902 igitur
732 1856 772 1889 et
804 1849 993 1889 Ciceroni
1024 1856 1064 1889 et
1092 1850 1228 1889 Ennio
1265 1856 1346 1888 tam
1384 1852 1417 1888 is
1447 1851 1593 1889 dictust
1619 1852 1707 1889 ollis
1740 1840 1999 1902 popularibus
2037 1852 2128 1889 olim
2168 1866 2288 1903 quam

318 1936 458 1961 aevum
487 1922 706 1974 assitebant,
743 1921 1085 1973 quemadmodum
1117 1936 1140 1960 a
1171 1920 1370 1960 Cicerone
1401 1936 1540 1961 rursus
1574 1920 1732 1961 Gellius
1762 1922 1987 1974 suadaeque
2016 1923 2191 1961 ‘medulla
2223 1938 2288 1963 ac-

321 1993 456 2046 cipiet.
519 1993 613 2045 Quo
644 1993 753 2033 facto
785 2007 876 2033 cum
907 1993 985 2032 iam
1016 2007 1097 2032 non
1126 1993 1261 2046 possis
1293 1993 1393 2033 haec
1422 1993 1557 2033 Marci
1583 1992 1721 2044 filius:
1758 1994 1792 2032 is
1822 1994 1966 2033 dictust
1994 1994 2082 2033 ollis
2114 1996 2286 2048 popula-

317 2065 427 2103 ribus
457 2065 549 2103 olim
579 2065 700 2103 unius
722 2064 911 2103 versiculi
941 2065 1095 2103 ambitu
1123 2064 1351 2116 complecti,
1383 2064 1528 2103 Cicero
1560 2079 1670 2103 more
1702 2078 1775 2104 suo
1806 2070 1900 2116 post
1929 2066 1999 2103 illa
2022 2066 2154 2103 Marci
2170 2066 2286 2114 filius

317 2136 527 2184 nonnulla,
558 2149 663 2186 quae
693 2149 776 2173 non
795 2136 978 2174 facerent
1010 2135 1061 2173 ad
1085 2135 1188 2173 hanc
1209 2150 1293 2173 rem
1316 2149 1434 2185 quam
1456 2135 1616 2186 agebat,
1647 2136 1969 2186 praetermisisse
1992 2136 2285 2175 existimandus

317 2211 389 2246 est.
440 2207 560 2245 Hanc
590 2207 788 2245 rationem
820 2207 918 2245 satis
949 2213 995 2245 ut
1025 2207 1238 2258 opinamur
1268 2205 1496 2257 expeditam
1529 2206 1640 2245 miris
1672 2206 1802 2247 modis
1833 2207 2069 2258 impeditam
2100 2206 2286 2246 reddide-

317 2286 413 2317 runt
451 2277 582 2317 critici
611 2277 789 2331 Bergkio
827 2278 1032 2330 principe,
1073 2292 1121 2316 ea
1158 2277 1332 2316 maxime
1370 2292 1494 2317 causa
1531 2277 1641 2317 ducti
1681 2277 1791 2330 quod
1827 2293 1908 2317 non
1946 2278 2110 2317 mutilos
2141 2292 2283 2318 versus

317 2349 420 2389 duos
452 2349 525 2389 sed
554 2364 679 2388 unum
708 2349 910 2403 integrum
933 2365 955 2388 a
978 2348 1179 2388 Cicerone
1204 2349 1371 2388 allatum
1402 2350 1479 2388 sibi
1509 2350 1813 2401 persuaderent.
1862 2349 1985 2401 Quod
2016 2355 2060 2388 ut
2090 2364 2283 2401 asseque-

318 2426 470 2471 rentur,
505 2436 587 2460 non
617 2421 675 2459 illi
703 2421 891 2460 Tulliana
920 2420 1001 2460 fide
1032 2426 1233 2460 steterunt
1264 2420 1337 2460 sed
1368 2437 1415 2459 cx
1449 2420 1571 2460 Gellii
1601 2422 1833 2461 testimonio
1864 2421 2036 2474 profecti
2067 2422 2159 2460 olim
2190 2436 2282 2473 par-

315 2492 442 2531 ticula
472 2492 605 2532 deleta
634 2493 675 2531 in
706 2492 873 2544 eiusque
905 2492 994 2532 loco
1025 2493 1113 2531 ollis
1147 2493 1386 2545 pronomine
1427 2493 1605 2545 reposito
1636 2508 1783 2532 novam
1814 2507 1957 2533 versus
1987 2494 2156 2532 sormam
2187 2507 2282 2545 pro-

316 2563 514 2603 cuderunt
544 2564 650 2604 hanc

822 2636 957 2674 lilarci
973 2635 1112 2684 filius:
1141 2638 1174 2674 is
1204 2637 1350 2674 dictust
1370 2637 1631 2688 popularibus
1661 2638 1769 2682 ollis,-

313 2707 521 2756 multaque
553 2712 593 2745 et
622 2706 874 2745 incredibilia
903 2707 1079 2759 fingunt,
1113 2712 1159 2745 ut
1190 2707 1338 2757 quibus
1369 2707 1444 2745 viis
1475 2721 1523 2745 ex
1554 2707 1630 2746 hac
1659 2707 1863 2758 primitiva
1891 2707 2020 2746 forma
2050 2712 2134 2745 tam
2166 2705 2283 2746 Cice-

312 2777 423 2816 ronis
446 2791 567 2829 quam
590 2775 713 2817 Gellii
737 2777 822 2816 sive
845 2775 1026 2818 Senecae
1058 2777 1283 2830 scripturae
1305 2776 1540 2817 deriventur
1562 2777 1781 2818 declarent.
1830 2777 1887 2818 Et
1916 2777 2016 2817 haec
2037 2777 2278 2818 nanciscun-

311 2854 378 2887 tur
408 2862 629 2900 sponsores
666 2854 1026 2902 propaganturque
1066 2863 1140 2901 pro
1172 2849 1290 2888 veris.
1353 2848 1458 2898 Sed,
1496 2864 1544 2888 ne
1582 2863 1923 2903 recognoscamus
1953 2849 2132 2902 singula,
2169 2850 2279 2901 quod

311 2920 470 2960 abiecta
498 2920 590 2959 olim
620 2920 833 2972 particula,
864 2934 967 2972 quae
997 2921 1110 2959 iuxta
1140 2934 1364 2973 pronomen
1394 2922 1482 2959 ollis
1512 2921 1667 2960 scilicet
1697 2934 2000 2974 supervacanea
2029 2925 2152 2971 esset,
2183 2935 2279 2960 con-

309 2991 482 3030 suluisse
513 2991 687 3030 orationi
717 2997 862 3044 poetae
894 2992 971 3030 sibi
1001 2992 1077 3031 visi
1109 2997 1224 3042 sunt,
1255 2992 1362 3045 fugit
1394 3005 1463 3031 eos
1494 2993 1618 3032 ratio:
1660 2993 1761 3032 nihil
1792 2993 1897 3031 enim
1927 2992 2061 3044 aptius
2094 2997 2164 3031 aut
2194 3006 2278 3032 ser-
