2666 3518
1286 226 1337 268 13

351 351 529 405 recipere
565 351 808 392 arbitramur
845 355 883 390 et
925 365 1012 390 esse
1052 349 1255 403 quoddam
1296 350 1452 404 insigne
1488 350 1712 404 exemplum
1750 351 1834 391 eius
1873 350 2176 392 consuetudinis
2214 366 2295 404 qua

346 423 489 463 Cicero
520 437 610 463 cum
642 422 736 462 alibi
773 427 859 462 tum
894 422 1110 475 praecipue
1148 423 1188 462 in
1219 422 1399 476 epistolis
1434 422 1611 475 undique
1642 424 1792 475 carptis
1824 437 1870 462 ac
1900 423 2086 462 delibatis
2116 423 2294 463 flosculis

341 509 458 534 suum
488 495 642 534 variare
673 508 895 533 sermonem
926 495 1192 534 consueverit.

530 567 719 607 Diximus
751 565 800 606 de
821 566 1025 606 nonnullis
1057 581 1160 619 quae
1183 565 1326 608 Cicero
1349 581 1372 606 a
1391 567 1523 620 poetis
1545 567 1733 620 sumpsit:
1767 565 1913 607 accidit
1944 567 2062 606 etiam
2092 572 2137 606 ut
2166 566 2292 619 ipsius

343 640 470 679 oratio
506 639 608 678 falso
646 638 697 678 ad
732 644 893 691 poetam
934 643 974 678 et
1010 653 1153 678 versus
1191 644 1462 678 revocaretur.
1528 639 1630 678 Eius
1668 639 1724 678 rei
1765 639 1992 692 exemplum
2031 639 2204 691 petimus
2244 654 2292 677 ex

344 710 687 762 disputationibus
716 710 968 750 Tusculanis.
1028 709 1134 750 Sunt
1163 710 1288 749 verba
1317 710 1418 750 haee
1449 712 1507 762 (1,
1528 712 1595 760 48,
1620 712 1737 762 117):
1774 711 1915 750 Clarae
1943 725 2028 750 vero
2058 718 2195 749 mortes
2218 724 2293 763 pro

338 784 476 836 patria
505 783 693 835 oppetitae
722 796 800 820 non
829 783 950 820 solum
984 782 1176 835 qloriosae
1214 782 1428 820 rhetoribus
1457 783 1523 820 sed
1551 783 1667 821 etiam
1698 783 1826 821 beatae
1856 783 1981 821 videri
2007 783 2140 821 solent.
2190 796 2295 834 repe-

346 861 433 893 tunt
468 854 517 892 ab
545 854 770 903 Erechtheo,
809 855 919 893 cuius
953 855 1069 892 etiam
1096 853 1210 903 filiae
1245 855 1384 906 cupide
1417 862 1575 893 mortem
1610 856 1875 907 expetiverunt
1901 868 1976 907 pro
2013 855 2093 893 vica
2129 855 2294 899 civium,-

346 926 696 979 [commemorant]
732 925 920 975 Codrum,
958 927 1030 979 qui
1060 941 1098 965 se
1126 927 1167 965 in
1197 926 1338 965 medios
1368 927 1529 966 ‘imnn'sit
1557 927 1676 966 hostes
1710 934 1805 966 reste
1829 926 2049 978 famulari,
2090 940 2137 965 ne
2167 932 2297 979 posset

345 999 504 1051 aynosei
537 998 574 1037 si
608 1004 702 1037 esset
734 1005 878 1037 ornatu
916 999 1039 1051 reyio,
1079 998 1184 1051 quod
1220 998 1425 1037 oraculum
1460 1005 1545 1037 erat
1573 999 1728 1048 clatum,
1766 1000 1802 1037 si
1835 1013 1904 1037 rea:
1939 997 2161 1048 inter-frictus
2191 1005 2293 1046 esset,

344 1071 516 1109 'victrices
546 1069 717 1108 Athenas
737 1069 845 1119 fore‚·
875 1070 1096 1109 Menoeceus
1125 1084 1203 1109 non
1226 1072 1563 1123 praetermittitur,
1594 1073 1665 1124 qui
1693 1073 1781 1109 item
1810 1072 1967 1109 oraculo
1997 1071 2097 1109 edito
2129 1071 2295 1122 laryitns

343 1149 397 1181 est
418 1143 577 1195 patriae
605 1155 721 1179 suum
749 1142 990 1194 sanquinem.
1035 1142 1240 1194 Iphiyenia
1261 1142 1407 1181 Aulide
1436 1143 1529 1180 duci
1554 1156 1592 1180 se
1620 1143 1901 1181 immolandam
1929 1142 2033 1181 iubet
2061 1149 2105 1180 ut
2133 1142 2296 1180 hostium

341 1215 523 1252 eliciatur
551 1227 631 1251 suo.
690 1215 852 1251 veniunt
887 1214 978 1251 inde
1015 1215 1070 1251 ad
1102 1215 1303 1265 propiora.
1362 1214 1606 1252 Harmodius
1641 1215 1684 1251 in
1721 1228 1783 1252 ore
1811 1222 1846 1253 et
1875 1215 2134 1266 Aristoqiton,
2174 1213 2295 1253 Lace-

345 1286 571 1326 daemonius
601 1284 815 1334 Leouidm,
860 1283 1064 1324 Thebanus
1091 1284 1393 1338 Epaminondas
1422 1286 1532 1338 viqet.
1591 1291 1741 1325 nostros
1770 1298 1846 1326 non
1876 1292 2039 1335 norunt,
2080 1298 2175 1338 quos
2203 1299 2295 1325 enu-

343 1370 491 1397 merare
518 1369 705 1409 maynum
734 1362 798 1394 est.
849 1355 897 1394 In
921 1355 1067 1407 quibus
1097 1363 1394 1395 commemorant
1422 1360 1514 1394 ante
1538 1356 1708 1395 Codrum
1739 1356 1919 1394 additum
1941 1357 2175 1395 coniectura
2203 1371 2296 1409 pro-

344 1428 488 1478 babili,
525 1427 575 1466 de
606 1442 686 1479 qua
706 1427 802 1465 satis
824 1427 976 1465 dietum
1006 1433 1194 1480 putamus
1226 1427 1264 1464 in
1296 1427 1449 1479 ephem.
1481 1442 1616 1480 gymn.
1639 1428 1841 1466 Austriac.
1866 1443 1899 1465 a.
1922 1429 2025 1467 1873
2057 1443 2095 1479 p.
2118 1430 2197 1466 ‘243
2220 1443 2295 1478 sq.,

345 1499 576 1550 ibidemque
608 1499 676 1537 illa
705 1513 807 1549 quae
838 1504 932 1537 sunt
960 1506 1055 1537 veste
1073 1498 1276 1547 famulari
1303 1514 1350 1538 ne
1372 1506 1503 1551 posset
1521 1500 1681 1551 aynosci
1708 1501 1743 1538 si
1771 1506 1865 1537 esset
1882 1506 2026 1538 ornatu
2057 1501 2156 1552 reyio
2188 1500 2295 1538 simi-

345 1571 436 1610 liter
464 1571 659 1610 formatae
689 1569 882 1609 orationis
911 1569 1120 1610 Tullianae
1152 1570 1360 1622 exemplis,
1400 1569 1545 1622 quibus
1576 1570 1692 1609 facile
1723 1569 1817 1609 addi
1847 1576 2018 1622 possunt
2046 1570 2175 1623 plura,
2213 1577 2295 1610 sta-

345 1643 460 1684 bilita
504 1647 544 1683 et
587 1657 610 1682 a
649 1641 859 1682 doctorum
901 1641 1220 1683 dubitationibus
1264 1647 1359 1681 sunt
1394 1642 1612 1682 vindicata.
1679 1641 1795 1693 Quae
1835 1656 1931 1681 vcro
1976 1647 2201 1695 sequuntur
2245 1642 2295 1682 de

344 1714 572 1768 Iphigenia,
603 1715 642 1753 in
673 1714 721 1753 iis
750 1714 797 1753 F.
820 1715 870 1753 A.
889 1714 1064 1754 WVolfius
1096 1715 1261 1766 primus,
1290 1721 1336 1754 ut
1364 1715 1536 1764 videtur,
1567 1714 1667 1753 haec
1697 1720 1875 1753 extrema
1905 1716 2030 1753 verba
2060 1723 2102 1753 ut
2131 1717 2296 1753 hostium

342 1788 523 1825 eliciatur
551 1799 619 1824 suo
650 1786 713 1824 vel
749 1791 795 1823 ut
830 1786 917 1837 ipse
957 1785 1084 1823 edidit
1120 1793 1166 1824 ut
1198 1787 1362 1824 hostium
1391 1788 1553 1838 sanquis
1581 1787 1760 1824 eliciatur
1788 1800 1857 1824 suo
1886 1791 2091 1837 tamquam
2122 1801 2146 1825 a
2173 1792 2298 1838 poeta

344 1865 504 1910 sumpta
543 1873 566 1896 a
595 1857 806 1897 Ciceronis
844 1857 1024 1897 oratione
1060 1858 1300 1911 segregavit.
1359 1857 1407 1897 In
1444 1857 1693 1909 eandemque
1732 1857 1961 1910 opinionem
2000 1863 2145 1911 postea
2174 1858 2225 1898 A.
2247 1857 2295 1898 F.

343 1928 526 1968 Naekius
547 1927 769 1981 disputavit
799 1942 833 1966 a.
855 1928 960 1967 1822
992 1927 1180 1980 (Opp.1,
1202 1929 1288 1980 86),
1319 1927 1555 1977 admiratus,
1585 1928 1626 1967 id
1647 1928 1758 1979 quod
1786 1929 1903 1967 unice
1936 1928 1987 1968 ad
2016 1929 2295 1969 illustrandam

344 1998 553 2039 Ciceronis
592 1999 829 2038 sententiam
865 1999 1036 2049 faceret,
1074 2000 1123 2039 ab
1162 1999 1348 2039 omnibus
1388 2014 1475 2039 esse
1517 1999 1804 2052 interpretibus
1844 2000 2192 2051 praetermissum:
2237 2016 2297 2040 re-

345 2071 525 2124 spexisse
565 2072 669 2111 enim
701 2070 938 2110 Ciceronem
977 2070 1029 2109 ad
1066 2071 1268 2110 canticum
1305 2071 1545 2124 Iphigeniae
1572 2067 1702 2122 '‘Ayere'
1738 2087 1781 2123 με
1819 2069 1879 2109 τᾶν
1915 2070 2024 2110 Ἰλίου
2060 2066 2119 2110 καὶ
2149 2075 2298 2123 Φρυγῶν

344 2143 540 2189 ἑλέπτολιν,
577 2143 718 2194 Eurip.
740 2142 773 2180 I.
797 2143 845 2180 A.
873 2142 991 2191 1475,
1029 2142 1112 2181 sive
1142 2142 1243 2181 haec
1273 2143 1362 2194 ipsa
1390 2142 1612 2194 Euripidis,
1650 2142 1759 2193 quod
1790 2148 1896 2182 esset
1925 2143 2009 2182 veri
2039 2143 2297 2193 simillimum,

345 2214 431 2254 sive
452 2214 600 2254 Latina
618 2214 741 2253 Ennii
772 2218 863 2253 ante
893 2213 1031 2254 oculos
1062 2213 1282 2254 habuisset.
1326 2214 1488 2254 Tertius
1510 2214 1706 2254 successit
1726 2214 1801 2253 Th.
1822 2214 2039 2268 Bergkius,
2069 2215 2137 2266 qui
2167 2229 2297 2267 neque

344 2286 487 2326 Wolfii
517 2300 647 2337 neque
674 2285 822 2325 Naekii
852 2300 1003 2324 memor
1032 2286 1071 2324 in
1101 2285 1237 2324 libello
1267 2285 1499 2326 academico
1520 2285 1807 2338 Marburgensi
1838 2300 1872 2324 a.
1895 2287 1998 2325 1844
2031 2288 2088 2338 (p.
2111 2299 2191 2326 xm
2213 2289 2294 2339 sq.)

345 2358 470 2397 verba
498 2357 566 2396 illa
585 2357 773 2395 Enniana
803 2371 904 2406 esse,
936 2371 984 2395 ex
1007 2356 1223 2409 Iphigenia
1251 2357 1392 2409 petita,
1422 2362 1503 2396 tam
1534 2371 1614 2396 non
1645 2356 1857 2407 dubitavit,
1887 2364 1931 2396 ut
1960 2372 2119 2397 versum
2150 2358 2295 2409 ipsum,

346 2444 370 2467 a
392 2428 590 2468 Cicerone
621 2429 797 2468 numeris
827 2428 1047 2478 exolutum,
1077 2428 1299 2481 reciperare
1320 2433 1535 2467 conaretur
1556 2443 1725 2480 eumque
1756 2442 1846 2467 cum
1869 2429 1995 2468 altero
2017 2429 2195 2469 ciusdem
2216 2435 2295 2469 tra-

347 2499 517 2552 goediae
546 2514 666 2539 versu
697 2505 806 2539 certo
838 2499 1104 2552 coniungeret
1132 2499 1172 2538 in
1202 2499 1310 2539 hune
1340 2499 1502 2539 modum

806 2571 1058 2611 Acherontem
1086 2570 1190 2610 obibo
1220 2571 1288 2610 ubi
1315 2572 1448 2610 mortis
1479 2572 1679 2610 thensauri
1706 2572 1887 2621 obiacent,

813 2643 863 2682 Ut
892 2643 1054 2682 hostium
1081 2643 1262 2681 eliciatur
1289 2644 1452 2696 sanquis
1480 2644 1682 2696 sanquine.

347 2716 511 2766 Easque
542 2716 751 2767 opiniones
783 2721 822 2754 et
855 2716 1043 2766 probavit
1073 2716 1167 2754 olim
1197 2715 1447 2755 Ribbeckius
1478 2721 1517 2754 et
1546 2716 1711 2754 retinuit
1745 2721 1825 2754 tam
1864 2717 1903 2754 in
1933 2715 2176 2767 tragicorum
2207 2716 2298 2755 reli-

348 2787 453 2838 quiis
482 2787 664 2839 repetitis
694 2801 732 2838 p.
756 2787 807 2825 43
840 2801 959 2837 quam
989 2786 1029 2825 in
1059 2785 1161 2826 libro
1192 2785 1242 2825 de
1270 2786 1481 2839 tragoedia
1507 2785 1691 2826 Romana
1720 2801 1758 2839 p.
1781 2787 1868 2826 103.
1914 2787 1968 2825 At
1990 2800 2084 2825 vero
2114 2792 2299 2828 nostrum

348 2856 383 2897 si
412 2870 573 2897 sensum
604 2856 873 2907 consulimus,
912 2856 1072 2896 minime
1110 2861 1382 2897 consentanea
1419 2862 1481 2897 est
1516 2857 1659 2896 horum
1689 2870 1874 2896 versuum
1911 2857 2164 2907 coniunctio,
2203 2859 2301 2898 alte-

348 2930 430 2968 rius
461 2934 593 2968 autem
623 2930 779 2968 numeri
808 2943 889 2967 non
918 2930 1050 2967 minus
1081 2943 1201 2980 quam
1231 2930 1360 2968 oratio
1391 2929 1599 2981 displicet:
1631 2929 1802 2967 debebat
1830 2929 1934 2967 enim
1964 2931 2193 2969 necessario
2221 2931 2301 2970 dici

347 3008 393 3041 ut
427 3014 507 3040 meo
545 3003 735 3054 sanquine
772 3002 936 3041 hostium
976 3003 1135 3055 sanquis
1172 3002 1370 3048 eliciatur5
1414 3000 1484 3042 sed
1524 3000 1633 3054 quod
1671 3014 1867 3039 summum
1907 3006 1990 3050 est,
2032 3013 2171 3040 omnes
2211 2999 2301 3040 illae
