2666 3518
1285 242 1338 285 12

331 378 373 409 tec
403 377 551 417 avarem,
592 370 737 416 Attice,
776 368 939 406 ubinam
968 368 1033 406 es?
1071 368 1129 406 sic
1161 367 1265 406 enim
1297 366 1527 418 quaerendo
1559 366 1804 407 desiderium
1842 367 2021 407 absentis
2053 368 2288 419 exprimitur

330 441 583 490 suavissime,
613 445 658 479 ut
678 439 790 479 Attis
812 438 964 479 Catulli
995 439 1155 479 ubinam
1184 438 1315 491 inquit
1344 446 1415 478 aut
1441 438 1581 491 quibus
1610 439 1701 479 locis
1731 446 1764 479 te
1789 440 1970 492 positam,
1996 440 2149 492 patria,
2182 440 2291 479 reor?

329 513 530 553 Iudicium
561 516 696 551 autem
725 510 776 551 de
808 510 878 550 illo
908 510 1028 551 tertio
1059 509 1169 563 quod
1201 508 1343 550 Cicero
1382 510 1438 549 ita
1472 509 1661 549 formavit
1696 524 1773 550 non
1814 495 1922 550 Zomo
1959 511 2024 550 sed
2059 511 2150 549 litus
2177 518 2293 564 atque

330 599 400 625 aer
427 592 464 625 et
490 585 659 624 solitudo
688 598 807 633 mera,
841 583 985 623 eodem
1006 582 1167 623 dicendi
1198 596 1345 636 genere
1376 595 1474 621 usus
1506 586 1582 632 est,
1613 597 1693 634 quo
1716 583 1858 622 scribit
1888 583 1928 622 in
1958 583 2021 622 his
2050 583 2231 635 epistolis
2254 585 2294 633 7,

336 658 400 707 13,
423 658 446 696 6
477 657 525 695 L.
553 656 757 696 Caesarem
795 657 879 694 vidi
913 656 1134 695 Alinturnis
1172 684 1180 692 .
1201 684 1236 693 ..
1279 668 1365 693 cum
1402 654 1692 693 absurdissimis
1731 656 1950 704 mandatis,
1991 669 2067 695 non
2106 656 2294 694 hominem

331 730 398 768 sed
436 742 572 781 scopas
609 728 780 771 solutas,-
821 726 1046 778 eodemque
1077 724 1263 765 Catullus
1295 738 1328 763 e.
1356 726 1432 764 115
1471 739 1550 764 non
1588 726 1695 765 homo
1733 728 1801 766 sed
1835 741 1920 766 vero
1951 727 2121 765 mentula
2151 741 2296 779 maqna

332 802 488 846 minem,-
518 792 594 839 nec
626 798 839 839 dissimilia
869 811 971 849 quae
996 797 1165 837 Plautus
1196 796 1319 836 habet
1348 796 1389 835 in
1410 796 1642 837 Mercatore
1673 798 1749 836 641
1784 811 1862 837 non
1892 798 2081 837 hominem
2111 798 2207 837 mihi
2233 800 2300 837 sed

334 873 589 912 thensaurum
626 873 750 911 nescio
787 883 900 924 quem
937 882 1127 908 memoras
1164 868 1280 917 mali,
1325 868 1365 906 in
1402 868 1593 907 Asinaria
1629 869 1709 907 494
1749 870 1866 923 lupus
1903 876 1958 908 est
1995 870 2102 909 homo
2140 869 2297 918 homini,

335 958 412 984 non
443 946 565 993 homo,
596 957 712 997 quom
741 943 872 996 qualis
902 943 952 979 sit
981 955 1058 979 non
1088 942 1204 989 novit,
1236 946 1306 979 aut
1325 941 1537 980 Terentius
1563 941 1603 979 in
1625 940 1789 994 Hecyra
1810 942 1848 991 2,
1874 944 1909 991 1,
1936 943 1983 980 17
2014 943 2166 991 mulier,
2197 956 2298 995 quae

336 1032 391 1055 me
421 1017 579 1055 omnino
611 1016 791 1069 lapidem,
823 1028 900 1052 non
931 1014 1132 1061 hominem,
1158 1019 1299 1065 puta33
1335 1012 1386 1051 ad
1418 1011 1670 1064 eundemque
1702 1012 1866 1053 modum
1898 1014 2016 1053 simul
2049 1028 2300 1067 exaggerans

334 1088 526 1127 Vatinius
566 1086 674 1139 (Cic.
698 1101 761 1138 ep.
794 1085 845 1124 ad
874 1086 967 1124 fam.
992 1086 1030 1134 5,
1056 1086 1151 1134 ῙΟα,
1176 1085 1217 1136 1)
1254 1085 1408 1133 simius,
1446 1098 1524 1124 non
1554 1085 1720 1123 semissis
1750 1085 1881 1132 Ιιοηιος
1919 1085 2135 1125 Petronius
2166 1090 2299 1125 autem

335 1174 425 1199 cum
457 1159 555 1199 talia
584 1158 817 1210 frequentat
849 1157 1086 1210 phantasia,
1124 1169 1201 1195 non
1231 1156 1359 1204 Ιιονηος
1390 1157 1519 1210 piper,
1558 1169 1634 1195 non
1665 1156 1792 1203 homo3
1831 1156 2047 1207 discordia,
2086 1171 2161 1196 non
2192 1158 2299 1196 homo

333 1245 444 1270 more
484 1244 557 1269 suo
590 1229 797 1282 vulgarem
828 1227 991 1266 dicendi
1030 1226 1193 1265 modum
1224 1227 1415 1265 imitatur.
1473 1228 1539 1266 Ita
1569 1241 1659 1266 cum
1691 1226 1835 1266 Cicero
1868 1241 2030 1267 sensum
2067 1229 2178 1267 illum
2216 1229 2299 1268 suis

336 1303 559 1354 exprimere
581 1301 718 1339 verbis
749 1306 890 1351 posset
920 1300 986 1337 ille
1015 1314 1091 1337 non
1122 1300 1229 1338 homo
1259 1300 1325 1337 sed
1356 1301 1456 1351 Iapis
1476 1300 1540 1338 vel
1570 1314 1710 1338 saxum
1730 1300 1795 1338 vel
1826 1300 1967 1346 simile,
1998 1300 2138 1339 maluit
2170 1301 2297 1340 ascito

336 1380 480 1426 poetae
503 1371 704 1411 versiculo
735 1369 913 1410 scribere
935 1368 1220 1410 venustissime
1253 1383 1329 1409 non
1358 1369 1466 1409 homo
1496 1370 1562 1409 sed
1583 1370 1675 1409 litus
1695 1376 1813 1423 atque
1832 1384 1900 1410 aer
1928 1377 1964 1409 et
1992 1371 2159 1411 solitudo
2180 1386 2299 1421 mera,

337 1444 413 1484 hoe
444 1449 505 1483 est
536 1442 600 1482 cui
630 1456 807 1491 narrare,
838 1440 1091 1480 committere
1122 1440 1222 1480 nihil
1253 1440 1386 1494 possis
1416 1455 1496 1480 non
1519 1441 1647 1494 magis
1670 1455 1790 1493 quam
1812 1441 1893 1480 aeri
1925 1446 1994 1480 aut
2024 1441 2142 1481 litori.
2194 1443 2299 1482 Nam

338 1516 438 1554 haec
469 1513 579 1567 quod
611 1514 659 1552 de
689 1513 852 1552 homine
881 1512 1084 1561 dicuntur,
1116 1513 1183 1563 qui
1214 1512 1377 1550 nimiam
1407 1527 1482 1551 nec
1511 1513 1761 1551 tolerabilem
1792 1513 2059 1551 transterendi
2090 1514 2301 1552 audaciam

335 1587 484 1626 habent
517 1588 577 1637 (et
606 1584 797 1624 videntur
826 1584 1060 1636 habuisse),
1099 1598 1175 1623 nec
1206 1583 1303 1635 quid
1333 1584 1529 1624 translato
1561 1584 1736 1624 sermoni
1768 1598 2007 1624 concessum
2038 1585 2160 1624 fuerit
2192 1591 2299 1625 recte

336 1664 576 1712 reputarunt
605 1672 681 1697 nec
708 1656 805 1709 quid
828 1655 973 1697 Cieero
1004 1657 1091 1709 ipse
1113 1657 1190 1696 sibi
1218 1656 1446 1709 permiserit
1476 1656 1530 1697 ibi
1560 1656 1797 1709 praesertim
1827 1657 1896 1697 ubi
1925 1662 2137 1709 poetarum
2159 1673 2299 1699 versus

336 1730 387 1770 ad
419 1745 535 1770 suum
567 1743 729 1770 sensum
760 1728 1065 1780 orationemque
1097 1727 1332 1780 detorquet:
1365 1728 1475 1780 quod
1505 1742 1633 1781 genus
1664 1728 1780 1780 quale
1812 1728 1878 1778 sit,
1908 1728 2107 1781 intelliget
2137 1729 2204 1781 qui
2235 1730 2298 1769 vel

337 1802 438 1842 haec
470 1801 518 1841 de
545 1801 726 1855 epistolis
757 1799 808 1840 ad
837 1800 929 1840 fam.
954 1801 992 1850 7,
1015 1799 1088 1849 333
1122 1800 1159 1850 7,
1181 1800 1253 1849 303
1286 1800 1324 1850 8,
1346 1801 1369 1839 2
1401 1799 1628 1839 contulerit.
1675 1799 1788 1839 Haec
1820 1799 1945 1852 igitur
1965 1799 2052 1839 sola
2072 1801 2164 1839 litus
2184 1807 2301 1854 atque

335 1888 403 1912 aee·
431 1881 466 1912 et
493 1875 657 1912 solitudo
687 1886 795 1911 mera
833 1872 885 1910 ad
923 1877 1086 1923 poetam
1122 1871 1294 1910 redeunt
1332 1877 1372 1910 et
1411 1872 1550 1910 cretici
1585 1872 1740 1910 numeri
1776 1872 2056 1924 impinguntur
2093 1873 2133 1910 in
2171 1887 2300 1922 aures,

338 1958 412 1984 nec
441 1945 636 1997 fugerunt
664 1943 951 1992 Ribbeckium‚
982 1943 1065 1982 sive
1098 1942 1133 1981 ei
1163 1942 1368 1994 desumpti
1399 1947 1492 1981 sunt
1522 1956 1571 1982 ex
1590 1942 1843 1982 Philoctetae
1874 1943 1959 1982 sive
1990 1957 2039 1982 ex
2070 1942 2302 1983 Promethei

338 2016 509 2056 alieuius
550 2015 742 2067 querella.
802 2014 870 2054 Ad
900 2029 1019 2067 quem
1051 2028 1146 2054 vero
1184 2013 1284 2053 haec
1320 2013 1518 2067 pertinere
1549 2014 1717 2053 velimus
1750 2014 1782 2054 si
1814 2014 2041 2067 quaeritur⁷
2080 2014 2300 2067 responde-

337 2088 471 2127 bimus
509 2087 728 2135 Metellum,
776 2101 866 2126 eum
904 2086 1054 2139 ipsum,
1099 2086 1213 2125 cuius
1252 2099 1399 2124 nomen
1436 2084 1605 2124 totidem
1646 2085 1793 2125 litteris
1831 2086 1872 2124 in
1912 2085 2053 2129 codice
2093 2091 2300 2125 exaratum

338 2163 459 2198 extat.
515 2157 625 2208 Quid
656 2157 760 2196 enim
791 2157 1108 2210 tergiversamur
1138 2162 1178 2196 et
1207 2156 1248 2195 in
1280 2156 1388 2196 clara
1418 2156 1506 2195 luce
1538 2157 1737 2195 caecutire
1768 2156 1992 2197 malumus?
2040 2157 2106 2196 De
2139 2156 2189 2207 Q.
2215 2157 2304 2196 Me-

338 2231 456 2280 tello,
494 2230 615 2269 huius
646 2230 761 2278 anni,
796 2229 834 2267 h.
860 2244 893 2268 e.
918 2230 996 2268 694
1029 2243 1062 2268 a.
1086 2244 1148 2278 u.‚
1180 2228 1346 2268 consule
1377 2228 1417 2266 in
1450 2227 1589 2267 eadem
1621 2228 1793 2280 epistola
1822 2228 2012 2268 scribitur
2040 2229 2221 2268 Metellus
2251 2237 2306 2268 est

338 2303 476 2341 consul
504 2303 678 2354 eyreyius
709 2308 745 2340 et
773 2315 842 2340 nos
872 2308 983 2339 amat
1010 2302 1076 2340 sed
1104 2302 1302 2339 imminuit
1337 2301 1606 2338 auctoritatem
1636 2315 1748 2338 suam
1778 2301 1883 2352 quod
1913 2300 2025 2338 hahet
2053 2301 2150 2339 dicis
2179 2315 2301 2339 causa

334 2374 633 2427 promulqatum
664 2373 768 2411 illud
797 2373 843 2410 <Ie
877 2372 1023 2421 Clodio,
1055 2371 1105 2411 (le
1136 2371 1278 2410 eodem
1311 2386 1373 2424 ep.
1401 2371 1463 2420 19,
1485 2372 1509 2409 4
1540 2371 1719 2410 Metellus
1747 2379 1803 2411 est
1832 2372 1969 2411 consul
1996 2386 2090 2411 sane
2120 2372 2241 2411 bonus
2270 2380 2305 2411 et

342 2460 410 2483 nos
440 2445 652 2483 admodum
682 2445 832 2496 ‹lih’yiss
874 2444 924 2481 ef.
958 2457 1019 2495 ep.
1044 2444 1110 2491 20,
1132 2445 1154 2481 5
1187 2444 1368 2482 Aletellns
1407 2450 1496 2481 tuus
1532 2450 1587 2481 est
1621 2445 1794 2496 eqreyius
1822 2445 1977 2482 consul:
2019 2458 2142 2482 unum
2180 2458 2307 2497 repre-

342 2517 465 2554 lwmlo
495 2517 600 2568 quod
628 2517 749 2553 otium
779 2529 798 2553 e
832 2514 966 2554 Gallia
999 2508 1183 2553 nuntiari
1211 2528 1288 2553 non
1318 2528 1460 2566 maquo
1490 2528 1598 2567 opere
1623 2516 1789 2567 9audet;
1827 2516 1952 2567 cupit,
1994 2517 2123 2563 credo,
2167 2517 2303 2554 trium-

335 2589 479 2639 phare,
522 2587 588 2626 hoc
618 2588 749 2644 pellem
778 2588 1032 2626 vicediocrius:
1068 2594 1191 2626 cetera
1222 2587 1397 2639 eqrefia:
1427 2600 1477 2625 ne
1508 2586 1766 2638 anquiramus
1798 2586 1895 2636 alia,
1935 2601 2038 2638 quae
2067 2592 2166 2625 nota
2196 2593 2301 2626 sunt.

344 2658 541 2699 Videmus
562 2658 686 2712 igitur
707 2657 784 2699 hoc
805 2664 913 2698 certe
935 2672 1040 2698 anno
1063 2656 1250 2699 Ciceroni
1272 2671 1363 2698 cum
1386 2656 1554 2698 Metello
1575 2672 1691 2699 usum
1713 2663 1753 2698 et
1774 2657 2087 2698 familiaritatem
2109 2657 2302 2699 interces-

342 2731 464 2769 sisse:
495 2735 630 2769 tamen
661 2729 832 2769 eundem
864 2730 974 2782 quod
1006 2730 1147 2769 scribit
1176 2744 1257 2768 non
1280 2743 1369 2768 eum
1393 2743 1481 2769 esse
1512 2744 1685 2781 quocum
1717 2731 1851 2769 omnia.
1881 2745 1929 2768 ex
1949 2731 2072 2769 animi
2102 2732 2304 2769 sententia

342 2803 553 2852 loquatur,
592 2801 689 2851 quid
730 2808 792 2839 est
829 2801 939 2851 quod
974 2802 1053 2839 hoc
1083 2807 1155 2839 aut
1183 2816 1323 2840 verum
1354 2815 1443 2840 esse
1474 2807 1542 2839 aut
1572 2816 1595 2839 a
1626 2801 1822 2841 Cicerone
1859 2802 2042 2853 potuisse
2072 2801 2152 2841 dici
2181 2817 2304 2854 nege-

342 2872 460 2913 mus?
504 2873 649 2924 Itaque
680 2886 771 2912 cum
802 2887 852 2911 ne
882 2874 958 2912 mei
985 2872 1148 2924 quidem
1178 2871 1287 2925 quod
1308 2871 1491 2911 nonnulli
1512 2871 1794 2913 desiderarunt
1823 2872 1875 2913 ad
1895 2873 2188 2913 amantissimus
2210 2872 2305 2914 addi

343 2950 531 2997 oporteat
562 2943 718 2996 (omisit
739 2942 884 2983 Cicero
914 2958 1139 2997 pronomen
1169 2944 1209 2982 in
1236 2943 1437 2983 simillima
1456 2944 1637 2984 oratione
1668 2945 1708 2984 in
1730 2943 1850 2985 Catil.
1869 2946 1907 2994 4,
1930 2945 1968 2994 2,
1991 2945 2049 2996 3),
2080 2944 2183 2984 hanc
2213 2959 2303 2997 par-

342 3022 424 3055 tem
456 3016 651 3070 epistolae
680 3015 801 3057 modo
839 3022 949 3056 recte
988 3016 1252 3072 interpretere
1289 3016 1489 3067 integram
1529 3030 1617 3057 esse
1654 3017 1887 3072 nullamque
1917 3016 2106 3058 medendi
2137 3032 2301 3071 operam
