2666 3518
1333 221 1359 265 8

362 346 407 386 lit
434 346 502 386 sed
531 347 690 396 extulit,
729 354 773 386 ut
806 360 965 387 ornasse
1001 346 1155 388 Graeca
1185 348 1366 386 videatur
1395 347 1540 386 Latino
1571 346 1678 394 stilo,
1719 360 1849 397 neque
1881 347 1951 397 qui
1982 346 2135 385 Donati
2166 344 2334 385 adnota-

362 417 515 457 tionem
544 417 708 471 repetiit
739 416 1059 471 G.WVagnerus.
1123 417 1206 459 Sed
1237 419 1374 459 eaetulit
1402 416 1499 470 quid
1530 422 1650 467 esset,
1680 416 1713 456 si
1742 417 1846 457 tanti
1879 424 1978 468 erat,
2011 416 2155 458 Cicero
2186 416 2332 457 docere

363 495 542 541 poterat,
572 489 641 542 qui
672 489 722 528 de
753 504 836 542 rep.
860 492 895 539 1,
920 492 984 539 14,
1006 490 1057 528 22
1088 491 1276 542 sphaerae
1297 491 1589 542 (lese-mptionem
1611 489 1667 526 ait
1687 490 1857 527 versibus
1878 490 2051 528 Aratum
2071 490 2259 537 extulisse,
2292 494 2336 527 ut

363 562 627 614 perspicuum
658 562 711 600 sit
742 561 843 600 haec
871 561 1031 600 verbum
1060 563 1106 600 (Ie
1136 562 1246 600 verbo
1273 576 1492 615 expressum
1512 561 1648 600 extulit
1667 561 1732 599 vix
1754 561 1906 600 distare
1937 562 1986 601 ab
2008 562 2064 601 eis
2096 575 2198 613 quae
2229 560 2334 598 idem

366 631 515 672 Cicero
537 634 659 672 Tusc.
684 633 787 685 disp.
808 635 846 682 3,
867 634 930 682 19,
951 634 1004 671 44
1036 633 1177 672 scribit
1207 648 1308 685 quae
1328 635 1439 672 modo
1459 647 1635 685 expressa
1657 633 1713 671 ad
1733 633 1889 672 verbum
1910 634 2005 672 dixi.
2053 633 2135 673 Sed
2165 633 2265 671 haec
2295 632 2335 670 in

364 708 623 744 transcursu:
654 703 756 743 illud
777 703 828 743 ad
848 718 930 743 rem
961 704 1150 755 pertinet,
1182 704 1293 756 quod
1314 704 1490 743 editores
1513 704 1695 756 plerique
1717 718 1857 743 omnes
1879 704 1928 743 de
1950 704 2124 743 Bentleii
2145 704 2335 755 opinione

365 780 462 827 post
491 783 632 814 natum
661 774 905 814 addiderunt
936 782 1055 824 tuum,
1094 775 1157 814 his
1187 781 1234 814 ut
1262 777 1447 828 proxima
1474 777 1709 828 priusquam
1728 774 1843 825 ferae
1871 777 2120 830 volucresque
2149 781 2230 814 tam
2263 789 2335 813 nu-

368 861 478 885 mero
509 861 629 897 quam
660 848 863 885 sententia
893 848 1246 885 continuarentur:

588 917 724 971 Neque
755 926 787 958 te
815 920 891 957 mei
917 920 1082 968 miseret,
1114 933 1229 971 eurye
1259 928 1294 958 et
1323 921 1442 972 sepeli·
1470 927 1607 958 vatum
1636 926 1764 968 tuum,
1789 921 1908 971 prius·
1938 935 2058 971 quam
2078 919 2193 968 ferae

585 989 852 1044 Volucresque.

369 1060 439 1100 Sic
469 1061 567 1100 haec
599 1061 851 1100 Ribbeckius
883 1075 1045 1113 quoque
1077 1063 1116 1100 in
1147 1063 1395 1115 tragicorum
1431 1063 1610 1114 reliquiis
1642 1062 1806 1101 exhibet
1836 1076 1875 1114 p.
1899 1064 1995 1112 101,
2034 1063 2182 1113 quibus
2212 1063 2337 1101 inter-

367 1132 474 1170 vallo
505 1132 616 1171 nullo
639 1147 782 1172 versus
814 1134 1021 1184 proximos
1052 1133 1155 1173 duos
1186 1134 1378 1172 adnectit.
1426 1134 1554 1173 Cuius
1585 1134 1635 1172 ab
1660 1133 1885 1172 rationibus
1916 1148 1991 1172 nos
2023 1135 2185 1185 longius
2208 1134 2337 1172 disee-

367 1202 501 1242 dimus
532 1216 578 1242 ac
606 1207 797 1256 putamus
829 1218 934 1254 eum,
965 1209 1010 1243 ut
1040 1209 1196 1244 eeteros
1229 1205 1296 1257 qui
1328 1205 1447 1244 simili
1478 1204 1599 1244 modo
1629 1219 1770 1244 versus
1803 1204 2023 1257 eoniugant
2054 1210 2096 1244 et
2126 1218 2340 1257 coagmen-

367 1278 469 1322 tant,
500 1274 578 1312 hoc
607 1288 689 1312 non
720 1275 819 1313 satis
851 1289 1015 1314 curasse
1045 1276 1155 1326 quod
1178 1275 1321 1314 Cicero
1353 1282 1398 1314 ut
1431 1276 1535 1314 solet
1564 1290 1694 1328 pauca
1725 1276 1856 1314 frusta
1880 1289 1929 1314 ex
1950 1275 2133 1328 longiore
2164 1276 2340 1314 carmine

368 1344 518 1384 selecta
547 1350 675 1397 ponat
703 1346 852 1398 quibus
882 1352 1062 1386 tenorem
1094 1348 1385 1386 sententiarum
1417 1348 1554 1400 gnaris
1578 1348 1617 1386 in
1639 1347 1873 1386 memoriam
1898 1352 2076 1386 revocet.
2128 1347 2234 1386 Nam
2265 1362 2340 1385 nec

370 1423 481 1456 tuum
511 1417 732 1469 requiritur
770 1423 811 1458 et
847 1424 1038 1471 poterant
1068 1434 1115 1459 eo
1147 1419 1237 1458 loco
1267 1418 1385 1471 plura
1415 1434 1438 1458 a
1470 1418 1668 1458 Cicerone
1707 1419 1925 1472 praeterita
1963 1433 2072 1459 esse:
2111 1419 2223 1458 velut
2260 1433 2340 1458 non

369 1488 504 1541 inopte
542 1489 769 1543 suspicere,
807 1490 1044 1543 Deiphilum
1083 1491 1219 1531 statim
1257 1497 1352 1543 post
1392 1491 1460 1530 illa
1497 1492 1615 1544 sepeli
1643 1498 1781 1531 natum
1812 1490 2061 1541 narravisse,
2100 1505 2143 1531 se
2176 1504 2340 1531 caesum

370 1573 459 1599 esse
491 1566 532 1598 et
562 1574 711 1613 corpus
743 1562 966 1609 abiectum3
1006 1576 1108 1613 quae
1149 1568 1189 1601 et
1228 1562 1432 1600 narranda
1469 1568 1584 1601 erant
1615 1576 1690 1601 nec
1719 1576 1849 1614 paene
1880 1563 2036 1615 aptiore
2066 1562 2156 1600 loeo
2188 1562 2341 1600 narrari

370 1637 573 1682 poterant.
635 1632 719 1672 Sed
749 1639 795 1671 ut
825 1633 924 1671 nihil
955 1633 1005 1672 de
1038 1649 1080 1672 rc
1111 1634 1266 1672 incerta
1299 1635 1563 1682 affirmemus,
1603 1634 1702 1672 illud
1734 1640 1888 1672 certum
1927 1639 2140 1685 putamus,
2181 1647 2342 1671 versum

372 1701 597 1741 secundum
628 1702 928 1756 imperfectum,
964 1708 1009 1742 ut
1048 1709 1130 1754 est,
1169 1704 1476 1756 relinquendum
1514 1719 1623 1754 esse,
1662 1704 1712 1744 ab
1743 1720 1791 1744 eo
1822 1719 1917 1744 vero
1949 1702 2204 1757 segreganda
2240 1702 2341 1742 haec

365 1775 484 1825 prius
504 1787 624 1826 quam
644 1774 759 1824 ferae
780 1776 1037 1828 volucresque,
1070 1790 1174 1826 quae
1207 1781 1245 1814 et
1275 1776 1363 1828 ipsa
1393 1781 1488 1815 sunt
1518 1776 1754 1828 imperfecta
1776 1775 1848 1815 sed
1870 1775 2030 1814 minime
2053 1775 2228 1814 obscura
2250 1789 2341 1813 sen-

372 1846 516 1895 tentia,
547 1860 649 1897 quae
679 1852 814 1885 tamen
846 1861 893 1885 ex
925 1861 1005 1898 qua
1034 1853 1149 1900 parte
1171 1861 1328 1896 versus,
1357 1848 1541 1899 primone
1570 1861 1619 1885 an
1642 1847 1790 1896 medio,
1821 1848 2037 1899 desumpta
2058 1847 2151 1895 sint,
2182 1846 2339 1884 definiri

373 1931 453 1955 non
490 1922 647 1968 potest3
685 1918 735 1957 ab
773 1919 837 1957 his
878 1925 1012 1957 autem
1053 1934 1193 1958 rursus
1232 1920 1367 1970 aliquo
1405 1920 1618 1957 intervallo
1654 1919 1843 1971 dirempti
1880 1920 2043 1957 fuerunt
2081 1933 2223 1957 versus
2261 1917 2340 1955 duo

371 1988 580 2040 postremi.
629 1988 746 2039 Quae
776 1989 882 2029 enim
905 1988 1049 2029 Cicero
1080 1991 1304 2042 interponit
1331 1992 1468 2029 ‘metuit
1497 2005 1543 2030 ne
1574 1991 1756 2029 laceratis
1782 1990 1959 2029 membris
1979 1991 2111 2028 minus
2133 1990 2223 2028 bene
2253 1997 2341 2028 uta-

374 2065 451 2109 tur,
481 2073 527 2099 ne
555 2060 773 2110 combustis,
804 2075 883 2101 non
913 2063 1123 2101 estimescit
1154 2063 1276 2114 (quae
1307 2061 1448 2101 mirere
1478 2061 1678 2101 neminem
1709 2061 1972 2114 interpretum
2004 2060 2264 2113 attendisse),
2294 2075 2343 2099 ex

373 2132 422 2171 iis
451 2133 711 2185 perspicuum
742 2134 808 2183 fit,
845 2134 1028 2185 Deiphili
1060 2135 1241 2173 umbram
1274 2134 1383 2186 apud
1412 2135 1636 2173 Pacuvium
1667 2135 1756 2187 rogi
1785 2135 1893 2173 iusta
1922 2134 2154 2186 flagitasse,
2196 2133 2266 2172 sed
2297 2148 2344 2171 ea

374 2204 415 2242 in
452 2204 515 2243 his
553 2219 657 2256 quae
696 2219 805 2244 nunc
841 2206 1033 2257 leguntur
1063 2221 1144 2245 non
1178 2206 1331 2245 habent
1370 2220 1449 2257 quo
1482 2205 1692 2245 commode
1729 2206 1898 2253 referas3
1938 2220 2069 2257 neque
2109 2205 2213 2244 enim
2250 2204 2344 2243 huic

375 2275 601 2314 sententiae
623 2276 692 2316 illa
711 2278 829 2330 ‹sepeli
847 2284 985 2316 natum
1007 2277 1286 2317 satisfaciunt:
1318 2292 1400 2316 non
1423 2278 1538 2328 quasi
1569 2291 1643 2317 nos
1665 2291 1861 2330 negemus
1882 2278 2040 2329 sepelire
2069 2290 2190 2328 posse
2223 2275 2342 2315 etiam

375 2346 425 2385 de
457 2348 733 2387 comburendo
764 2348 858 2398 dici,
894 2348 936 2387 id
968 2349 1077 2400 quod
1109 2350 1232 2388 vertis
1263 2348 1506 2401 quibusdam
1540 2350 1736 2400 exemplis
1767 2354 1942 2398 constat,
1979 2354 2018 2386 et
2048 2348 2211 2386 omnino
2242 2347 2342 2385 haec

378 2417 429 2457 ad
458 2419 580 2458 funus
612 2419 858 2472 pertinentia
885 2421 1099 2470 voeabula,
1138 2435 1212 2460 sua
1243 2421 1399 2473 origine
1430 2419 1602 2470 diversa,
1639 2420 1776 2459 multis
1807 2419 1939 2459 modis
1970 2419 2129 2459 misceri
2168 2433 2214 2459 ac
2246 2433 2342 2457 con-

376 2489 491 2528 fundi
512 2491 662 2529 nemini
683 2491 867 2543 ignotum
888 2498 970 2531 est:
1003 2492 1076 2531 sed
1106 2492 1176 2530 illo
1199 2493 1303 2541 loeo,
1335 2492 1450 2530 initio
1473 2492 1675 2541 carminis,
1705 2492 1782 2529 hoc
1803 2506 1943 2544 parum
1966 2496 2057 2544 apte
2080 2491 2344 2542 intelligetur,

376 2575 452 2601 neo
483 2576 531 2601 ea
550 2562 589 2601 vi
612 2562 757 2603 Cicero
779 2563 938 2603 videtur
965 2565 1170 2616 accepisse
1202 2579 1294 2603 eum
1326 2564 1461 2603 statim
1492 2563 1542 2602 de
1573 2564 1785 2603 inhumatis
1815 2563 2017 2615 loquatur,
2048 2562 2097 2601 de
2128 2561 2344 2601 cremando

376 2638 522 2686 postea
552 2632 715 2673 demum
745 2634 967 2674 interiectis
998 2635 1076 2675 illis
1100 2636 1219 2689 prius
1248 2649 1367 2689 quam
1385 2634 1504 2686 ferae
1534 2635 1791 2688 volucresque.
1850 2634 1995 2686 Itaque
2027 2633 2085 2673 sie
2116 2632 2344 2683 statuimus,

375 2705 508 2757 primo
538 2707 726 2745 universe
758 2707 993 2759 sepulturae
1025 2707 1219 2745 honorem
1250 2707 1388 2758 posci,
1426 2706 1517 2744 dein
1550 2706 1837 2759 progrediente
1868 2706 2049 2744 oratione
2086 2704 2166 2743 hoc
2197 2705 2343 2756 ipsum,

378 2783 424 2815 ut
453 2783 582 2816 mater
612 2777 869 2816 combureret
897 2778 968 2816 filii
1000 2792 1168 2830 corpus,
1209 2791 1400 2829 expresse
1433 2778 1582 2816 elatum
1611 2778 1736 2816 fuisse
1775 2778 1814 2815 in
1846 2777 2031 2815 versibus
2063 2789 2165 2826 quos
2197 2775 2342 2813 Cicero

378 2862 461 2889 non
491 2849 749 2903 apposuerit3
789 2856 834 2889 ut
866 2849 916 2889 ad
947 2865 994 2890 ea
1030 2850 1222 2903 respiciat
1257 2865 1348 2889 cum
1384 2849 1453 2889 illa
1491 2849 1630 2888 scribit
1669 2864 1715 2888 ne
1750 2849 1970 2898 combustis,
2011 2862 2086 2887 uon
2125 2849 2343 2887 extimescit.

381 2921 540 2972 Quodsi
572 2923 629 2961 ita
659 2928 767 2962 recte
798 2922 1044 2972 iudicamus,
1083 2937 1189 2961 novo
1222 2922 1407 2974 exemplo
1439 2921 1652 2971 discimus,
1694 2936 1814 2973 quam
1850 2926 1967 2960 caute
2007 2921 2047 2958 in
2084 2920 2162 2958 ho(-v
2200 2934 2345 2969 genere

379 2994 581 3045 agendum
613 2996 679 3044 sit,
709 3009 759 3033 ne
781 2994 875 3032 dum
907 2995 1097 3045 supplere
1130 3009 1273 3033 manca
1303 2994 1566 3041 instituimus,
1596 3008 1669 3045 pro
1692 2993 1865 3031 librariis
1896 2993 2143 3043 castigemus
2174 2992 2346 3043 scripto-
